@article{Skinner1948SuperstitionPigeon,
    title = {{'Superstition' in the pigeon}},
    year = {1948},
    journal = {Journal of Experimental Psychology},
    author = {Skinner, B. F.},
    number = {2},
    month = {4},
    pages = {168--172},
    volume = {38},
    doi = {10.1037/H0055873},
    issn = {00221015},
    pmid = {18913665},
    keywords = {CONDITIONING, OPERANT, "SUPERSTITION", LEARNING {\&} MEMORY, LEARNING, "SUPERSTITION", PIGEON, SUPERSTITION, LEARNING, PIGEON}
}

@article{Dettmer2021100Requires,
    title = {{100 Years of Comparative Psychology Advancing Practice, Policy, and the Public—and What the Future Requires}},
    year = {2021},
    journal = {Journal of Comparative Psychology},
    author = {Dettmer, Amanda M. and Bennett, Allyson J.},
    number = {4},
    pages = {450--465},
    volume = {135},
    publisher = {American Psychological Association},
    doi = {10.1037/COM0000299},
    issn = {07357036},
    pmid = {34871010},
    keywords = {Comparative psychology, Future, History, Policy, Public}
}

@article{Godoy2018AImplications,
    title = {{A comprehensive overview on stress neurobiology: Basic concepts and clinical implications}},
    year = {2018},
    journal = {Frontiers in Behavioral Neuroscience},
    author = {Godoy, Lívea Dornela and Rossignoli, Matheus Teixeira and Delfino-Pereira, Polianna and Garcia-Cairasco, Norberto and Umeoka, Eduardo Henrique de Lima},
    month = {7},
    pages = {127},
    volume = {12},
    publisher = {Frontiers Media S.A.},
    doi = {10.3389/FNBEH.2018.00127/BIBTEX},
    issn = {16625153},
    pmid = {30034327},
    keywords = {Clinical implications of stress, HPA axis, HPA axis time-domain, Neuroanatomy, Physical and psychological stressors, SAM axis, Stress history, Stress response}
}

@article{Lipton2015ALearning,
    title = {{A Critical Review of Recurrent Neural Networks for Sequence Learning}},
    year = {2015},
    journal = {arXiv},
    author = {Lipton, Zachary C. and Berkowitz, John and Elkan, Charles},
    month = {5},
    url = {https://arxiv.org/abs/1506.00019v4},
    arxivId = {1506.00019}
}

@article{Manduchi2021AData,
    title = {{A deep variational approach to clustering survival data}},
    year = {2021},
    journal = {ICLR},
    author = {Manduchi, Laura and Marcinkevi{\v{c}}s, Ričards and Vogt, Julia E}
}

@article{Petitjean2011AClustering,
    title = {{A global averaging method for dynamic time warping, with applications to clustering}},
    year = {2011},
    journal = {Pattern Recognition},
    author = {Petitjean, François and Ketterlin, Alain and Gan{\c{c}}arski, Pierre},
    number = {3},
    month = {3},
    pages = {678--693},
    volume = {44},
    publisher = {Pergamon},
    doi = {10.1016/J.PATCOG.2010.09.013},
    issn = {0031-3203},
    keywords = {DTW barycenter averaging, Distance-based clustering, Dynamic time warping, Global averaging, Satellite image time series, Sequence analysis, Time series averaging, Time series clustering}
}

@article{Crocq2015ADSM,
    title = {{A history of anxiety: from Hippocrates to DSM}},
    year = {2015},
    journal = {Dialogues in Clinical Neuroscience},
    author = {Crocq, Marc Antoine},
    number = {3},
    pages = {319},
    volume = {17},
    publisher = {Taylor {\&} Francis},
    url = {/pmc/articles/PMC4610616/ /pmc/articles/PMC4610616/?report=abstract https://www.ncbi.nlm.nih.gov/pmc/articles/PMC4610616/},
    doi = {10.31887/DCNS.2015.17.3/MACROCQ},
    issn = {12948322},
    pmid = {26487812},
    keywords = {Anguish, Anxiety, Boissier de Sauvages, Cicero, DSM, History of psychiatry, Kraepelin, Lucretius}
}

@article{Shemesh2023ANeuroethology,
    title = {{A paradigm shift in translational psychiatry through rodent neuroethology}},
    year = {2023},
    journal = {Molecular Psychiatry 2023 28:3},
    author = {Shemesh, Yair and Chen, Alon},
    number = {3},
    month = {1},
    pages = {993--1003},
    volume = {28},
    publisher = {Nature Publishing Group},
    url = {https://www.nature.com/articles/s41380-022-01913-z},
    isbn = {4138002201913},
    doi = {10.1038/s41380-022-01913-z},
    issn = {1476-5578},
    keywords = {Neuroscience, Psychiatric disorders}
}

@article{Enes2023AJobs,
    title = {{A pipeline architecture for feature-based unsupervised clustering using multivariate time series from HPC jobs}},
    year = {2023},
    journal = {Information Fusion},
    author = {Enes, Jonatan and Exp{\'{o}}sito, Roberto R. and Fuentes, José and Cacheiro, Javier López and Touri{\~{n}}o, Juan},
    month = {5},
    pages = {1--20},
    volume = {93},
    publisher = {Elsevier},
    doi = {10.1016/J.INFFUS.2022.12.017},
    issn = {1566-2535},
    keywords = {Anomaly detection, Feature extraction, HPC jobs, Multivariate time series, Unsupervised clustering}
}

@article{Mathis2020APerspectives,
    title = {{A Primer on Motion Capture with Deep Learning: Principles, Pitfalls, and Perspectives}},
    year = {2020},
    journal = {Neuron},
    author = {Mathis, Alexander and Schneider, Steffen and Lauer, Jessy and Mathis, Mackenzie Weygandt},
    number = {1},
    month = {10},
    pages = {44--65},
    volume = {108},
    publisher = {Cell Press},
    url = {http://www.cell.com/article/S0896627320307170/fulltext http://www.cell.com/article/S0896627320307170/abstract https://www.cell.com/neuron/abstract/S0896-6273(20)30717-0},
    doi = {10.1016/J.NEURON.2020.09.017/ATTACHMENT/46E265F6-9FF2-4F64-9116-B8CC9C958FC4/MMC1.MP4},
    issn = {10974199},
    pmid = {33058765},
    arxivId = {2009.00564}
}

@article{Iman2022AAdvancements,
    title = {{A Review of Deep Transfer Learning and Recent Advancements}},
    year = {2022},
    journal = {Technologies},
    author = {Iman, Mohammadreza and Rasheed, Khaled and Arabnia, Hamid R.},
    number = {2},
    month = {1},
    pages = {40},
    volume = {11},
    publisher = {MDPI AG},
    url = {http://arxiv.org/abs/2201.09679 http://dx.doi.org/10.3390/technologies11020040},
    doi = {10.3390/technologies11020040},
    arxivId = {2201.09679v2},
    keywords = {Deep learning, Deep transfer learning, Machine learning, Progressive learning, Transfer learning}
}

@article{Gui2020AApplications,
    title = {{A Review on Generative Adversarial Networks: Algorithms, Theory, and Applications}},
    year = {2020},
    journal = {IEEE Transactions on Knowledge and Data Engineering},
    author = {Gui, Jie and Sun, Zhenan and Wen, Yonggang and Tao, Dacheng and Ye, Jieping},
    number = {8},
    month = {1},
    volume = {14},
    publisher = {IEEE Computer Society},
    url = {https://arxiv.org/abs/2001.06937v1},
    doi = {10.1109/TKDE.2021.3130191},
    issn = {15582191},
    arxivId = {2001.06937},
    keywords = {Deep learning, algorithm, applications, generative adversarial networks, theory}
}

@article{Jabeen2022ALearning,
    title = {{A Review on Methods and Applications in Multimodal Deep Learning}},
    year = {2022},
    journal = {ACM Transactions on Multimedia Computing, Communications, and Applications},
    author = {Jabeen, Summaira and Li, Xi and Amin, Muhammad Shoib and Bourahla, Omar and Li, Songyuan and Jabbar, Abdul},
    number = {2s},
    month = {2},
    pages = {1--41},
    volume = {19},
    publisher = {Association for Computing Machinery (ACM)},
    url = {https://arxiv.org/abs/2202.09195v1},
    doi = {10.1145/3545572},
    issn = {1551-6857},
    arxivId = {2202.09195},
    keywords = {CCS Concepts:, Computing methodologies → Machine learning;, Information systems → Multimedia and mul-timodal retrieval Additional Key Words and Phrases: Deep Learning, Multimedia, Multimodal learning, datasets, Neural Networks, Survey}
}

@article{Golden2011AMice,
    title = {{A standardized protocol for repeated social defeat stress in mice}},
    year = {2011},
    journal = {Nature protocols},
    author = {Golden, Sam A. and Covington, Herbert E. and Berton, Olivier and Russo, Scott J.},
    number = {8},
    month = {7},
    pages = {1183--1191},
    volume = {6},
    publisher = {Nat Protoc},
    url = {https://pubmed.ncbi.nlm.nih.gov/21799487/},
    doi = {10.1038/NPROT.2011.361},
    issn = {1750-2799},
    pmid = {21799487},
    keywords = {Adaptation, Aggression, Animal*, Animals, Behavior, Depression / psychology, Extramural, Herbert E Covington, Inbred C57BL, MEDLINE, Mice, Models, N.I.H., NCBI, NIH, NLM, National Center for Biotechnology Information, National Institutes of Health, National Library of Medicine, PMC3220278, Psychological, Psychological*, PubMed Abstract, Research Support, Sam A Golden, Scott J Russo, Social Behavior, Social Dominance*, Stress, doi:10.1038/nprot.2011.361, pmid:21799487}
}

@article{Mor2021AApplications,
    title = {{A Systematic Review of Hidden Markov Models and Their Applications}},
    year = {2021},
    journal = {Archives of Computational Methods in Engineering},
    author = {Mor, Bhavya and Garhwal, Sunita and Kumar, Ajay},
    number = {3},
    month = {5},
    pages = {1429--1448},
    volume = {28},
    publisher = {Springer Science and Business Media B.V.},
    url = {https://link.springer.com/article/10.1007/s11831-020-09422-4},
    doi = {10.1007/S11831-020-09422-4/TABLES/5},
    issn = {18861784},
    keywords = {Mathematical and Computational Engineering}
}

@article{Schweihoff2022A-SOiDBehavior,
    title = {{A-SOiD, an active learning platform for expert-guided, data efficient discovery of behavior}},
    year = {2022},
    journal = {bioRxiv},
    author = {Schweihoff, Jens F. and Hsu, Alexander I. and Schwarz, Martin K. and Yttri, Eric A.},
    month = {11},
    pages = {2022.11.04.515138},
    publisher = {Cold Spring Harbor Laboratory},
    url = {https://www.biorxiv.org/content/10.1101/2022.11.04.515138v2 https://www.biorxiv.org/content/10.1101/2022.11.04.515138v2.abstract},
    doi = {10.1101/2022.11.04.515138},
    keywords = {computational neuroethology, machine learning, mouse behavior, naturalistic behavior, primate behavior, social interactions}
}

@article{Bordes2023AdvancingLearning,
    title = {{Advancing social behavioral neuroscience by integrating ethology and comparative psychology methods through machine learning}},
    year = {2023},
    journal = {Neuroscience {\&} Biobehavioral Reviews},
    author = {Bordes, Joeri and Miranda, Lucas and M{\"{u}}ller-Myhsok, Bertram and Schmidt, Mathias V.},
    month = {8},
    pages = {105243},
    volume = {151},
    publisher = {Pergamon},
    doi = {10.1016/J.NEUBIOREV.2023.105243},
    issn = {0149-7634},
    keywords = {Comparative psychology, Ethology, Psychiatric disorders, Social behavior, Stress}
}

@article{Weber2017AggressionProblem,
    title = {{Aggression in group-housed laboratory mice: why can't we solve the problem?}},
    year = {2017},
    journal = {Lab animal},
    author = {Weber, Elin M. and Dallaire, Jamie Ahloy and Gaskill, Brianna N. and Pritchett-Corning, Kathleen R. and Garner, Joseph P.},
    number = {4},
    month = {3},
    pages = {157--161},
    volume = {46},
    publisher = {Lab Anim (NY)},
    url = {https://pubmed.ncbi.nlm.nih.gov/28328884/},
    doi = {10.1038/LABAN.1219},
    issn = {1548-4475},
    pmid = {28328884},
    keywords = {Aggression*, Animal Husbandry, Animal Welfare, Animal*, Animals, Behavior, Elin M Weber, Female, Housing, Jamie Ahloy Dallaire, Joseph P Garner, MEDLINE, Male, Mice / psychology*, NCBI, NIH, NLM, National Center for Biotechnology Information, National Institutes of Health, National Library of Medicine, PubMed Abstract, Social Behavior, doi:10.1038/laban.1219, pmid:28328884}
}

@article{Bai2018AnModeling,
    title = {{An Empirical Evaluation of Generic Convolutional and Recurrent Networks for Sequence Modeling}},
    year = {2018},
    journal = {arXiv},
    author = {Bai, Shaojie and Kolter, J. Zico and Koltun, Vladlen},
    month = {3},
    url = {https://arxiv.org/abs/1803.01271v2},
    arxivId = {1803.01271}
}

@article{Dosovitskiy2020AnScale,
    title = {{An Image is Worth 16x16 Words: Transformers for Image Recognition at Scale}},
    year = {2020},
    journal = {arXiv},
    author = {Dosovitskiy, Alexey and Beyer, Lucas and Kolesnikov, Alexander and Weissenborn, Dirk and Zhai, Xiaohua and Unterthiner, Thomas and Dehghani, Mostafa and Minderer, Matthias and Heigold, Georg and Gelly, Sylvain and Uszkoreit, Jakob and Houlsby, Neil},
    month = {10},
    url = {https://arxiv.org/abs/2010.11929v2},
    arxivId = {2010.11929}
}

@misc{Tavenard2021AnWarping,
    title = {{An introduction to Dynamic Time Warping}},
    year = {2021},
    author = {Tavenard, Romain},
    url = {https://rtavenar.github.io/blog/dtw.html}
}

@article{Winship2019AnSchizophrenia,
    title = {{An Overview of Animal Models Related to Schizophrenia}},
    year = {2019},
    journal = {Canadian journal of psychiatry. Revue canadienne de psychiatrie},
    author = {Winship, Ian R. and Dursun, Serdar M. and Baker, Glen B. and Balista, Priscila A. and Kandratavicius, Ludmyla and Maia-de-Oliveira, Joao Paulo and Hallak, Jaime and Howland, John G.},
    number = {1},
    month = {1},
    pages = {5--17},
    volume = {64},
    publisher = {Can J Psychiatry},
    url = {https://pubmed.ncbi.nlm.nih.gov/29742910/},
    doi = {10.1177/0706743718773728},
    issn = {1497-0015},
    pmid = {29742910},
    keywords = {Animal*, Animals, Disease Models, Ian R Winship, John G Howland, MEDLINE, NCBI, NIH, NLM, National Center for Biotechnology Information, National Institutes of Health, National Library of Medicine, Non-U.S. Gov't, PMC6364139, PubMed Abstract, Research Support, Review, Schizophrenia / etiology*, Schizophrenia / pathology, Schizophrenia / physiopathology, Schizophrenia / therapy, Serdar M Dursun, doi:10.1177/0706743718773728, pmid:29742910}
}

@article{Thorndike1898AnimalAnimals.,
    title = {{Animal intelligence: An experimental study of the associative processes in animals.}},
    year = {1898},
    journal = {The Psychological Review: Monograph Supplements},
    author = {Thorndike, Edward L.},
    number = {4},
    pages = {i-109},
    volume = {2},
    publisher = {American Psychological Association (APA)},
    doi = {10.1037/H0092987},
    issn = {0096-9753}
}

@article{Campos2013AnimalStress,
    title = {{Animal models of anxiety disorders and stress}},
    year = {2013},
    journal = {Revista brasileira de psiquiatria (Sao Paulo, Brazil : 1999)},
    author = {Campos, Alline C. and Foga{\c{c}}a, Manoela V. and Aguiar, Daniele C. and Guimar{\~{a}}es, Francisco S.},
    number = {SUPPL.2},
    volume = {35 Suppl 2},
    publisher = {Braz J Psychiatry},
    url = {https://pubmed.ncbi.nlm.nih.gov/24271222/},
    doi = {10.1590/1516-4446-2013-1139},
    issn = {1809-452X},
    pmid = {24271222},
    keywords = {Alline C Campos, Animal*, Animals, Anxiety Disorders / physiopathology*, Anxiety Disorders / psychology, Disease Models, Fear / psychology, Francisco S Guimar{\~{a}}es, MEDLINE, Manoela V Foga{\c{c}}a, Mice, NCBI, NIH, NLM, National Center for Biotechnology Information, National Institutes of Health, National Library of Medicine, Non-U.S. Gov't, Psychological / physiopathology*, Psychological / psychology, PubMed Abstract, Rats, Research Support, Review, Stress, doi:10.1590/1516-4446-2013-1139, pmid:24271222}
}

@article{Richter-Levin2019AnimalMet,
    title = {{Animal models of PTSD: a challenge to be met}},
    year = {2019},
    journal = {Molecular psychiatry},
    author = {Richter-Levin, Gal and Stork, Oliver and Schmidt, Mathias V.},
    number = {8},
    month = {8},
    pages = {1135--1156},
    volume = {24},
    publisher = {Mol Psychiatry},
    url = {https://pubmed.ncbi.nlm.nih.gov/30816289/},
    doi = {10.1038/S41380-018-0272-5},
    issn = {1476-5578},
    pmid = {30816289},
    keywords = {Animal, Animals, Disease Models, Gal Richter-Levin, Humans, MEDLINE, Mathias V Schmidt, NCBI, NIH, NLM, National Center for Biotechnology Information, National Institutes of Health, National Library of Medicine, Non-U.S. Gov't, Oliver Stork, PMC6756084, Post-Traumatic / genetics*, Post-Traumatic / physiopathology*, Post-Traumatic / therapy*, PubMed Abstract, Research Support, Review, Stress Disorders, doi:10.1038/s41380-018-0272-5, pmid:30816289}
}

@misc{ANY-maze,
    title = {{ANY-maze}},
    url = {https://www.any-maze.com/}
}

@article{Mann2021ArtificialDiscovery,
    title = {{Artificial intelligence for proteomics and biomarker discovery}},
    year = {2021},
    journal = {Cell systems},
    author = {Mann, Matthias and Kumar, Chanchal and Zeng, Wen Feng and Strauss, Maximilian T.},
    number = {8},
    month = {8},
    pages = {759--770},
    volume = {12},
    publisher = {Cell Syst},
    url = {https://pubmed.ncbi.nlm.nih.gov/34411543/},
    doi = {10.1016/J.CELS.2021.06.006},
    issn = {2405-4720},
    pmid = {34411543},
    keywords = {Artificial Intelligence*, Biomarkers / analysis, Chanchal Kumar, MEDLINE, Mass Spectrometry / methods, Matthias Mann, Maximilian T Strauss, NCBI, NIH, NLM, National Center for Biotechnology Information, National Institutes of Health, National Library of Medicine, Non-U.S. Gov't, Proteomics* / methods, PubMed Abstract, Reproducibility of Results, Research Support, Review, doi:10.1016/j.cels.2021.06.006, pmid:34411543}
}

@article{Vaswani2017AttentionNeed,
    title = {{Attention Is All You Need}},
    year = {2017},
    journal = {Advances in Neural Information Processing Systems},
    author = {Vaswani, Ashish and Shazeer, Noam and Parmar, Niki and Uszkoreit, Jakob and Jones, Llion and Gomez, Aidan N and Kaiser, Lukasz and Polosukhin, Illia},
    month = {6},
    pages = {5999--6009},
    volume = {2017-December},
    publisher = {Neural information processing systems foundation},
    url = {https://arxiv.org/abs/1706.03762v5},
    issn = {10495258},
    arxivId = {1706.03762}
}

@article{Varghese2017AutismModels,
    title = {{Autism spectrum disorder: neuropathology and animal models}},
    year = {2017},
    journal = {Acta neuropathologica},
    author = {Varghese, Merina and Keshav, Neha and Jacot-Descombes, Sarah and Warda, Tahia and Wicinski, Bridget and Dickstein, Dara L. and Harony-Nicolas, Hala and De Rubeis, Silvia and Drapeau, Elodie and Buxbaum, Joseph D. and Hof, Patrick R.},
    number = {4},
    month = {10},
    pages = {537--566},
    volume = {134},
    publisher = {Acta Neuropathol},
    url = {https://pubmed.ncbi.nlm.nih.gov/28584888/},
    doi = {10.1007/S00401-017-1736-4},
    issn = {1432-0533},
    pmid = {28584888},
    keywords = {Animal, Animals, Autism Spectrum Disorder / genetics, Autism Spectrum Disorder / metabolism, Autism Spectrum Disorder / pathology*, Brain / metabolism, Brain / pathology*, Disease Models, Humans, MEDLINE, Merina Varghese, NCBI, NIH, NLM, National Center for Biotechnology Information, National Institutes of Health, National Library of Medicine, Neha Keshav, Neurons / metabolism, Neurons / pathology, PMC5693718, Patrick R Hof, PubMed Abstract, Review, doi:10.1007/s00401-017-1736-4, pmid:28584888}
}

@article{Rubio2023Auto-EncodersPerspectives,
    title = {{Auto-Encoders in Deep Learning{\&}mdash;A Review with New Perspectives}},
    year = {2023},
    journal = {Mathematics 2023, Vol. 11, Page 1777},
    author = {Rubio, López - and Palomo, Esteban and Dom{\'{i}}nguez, Enrique and Chen, Shuangshuang and Guo, Wei},
    number = {8},
    month = {4},
    pages = {1777},
    volume = {11},
    publisher = {Multidisciplinary Digital Publishing Institute},
    url = {https://www.mdpi.com/2227-7390/11/8/1777/htm https://www.mdpi.com/2227-7390/11/8/1777},
    doi = {10.3390/MATH11081777},
    issn = {2227-7390},
    keywords = {artificial intelligence, auto, deep learning, encoder, survey}
}

@article{Kingma2013Auto-EncodingBayes,
    title = {{Auto-Encoding Variational Bayes}},
    year = {2013},
    journal = {2nd International Conference on Learning Representations, ICLR 2014 - Conference Track Proceedings},
    author = {Kingma, Diederik P. and Welling, Max},
    month = {12},
    publisher = {International Conference on Learning Representations, ICLR},
    url = {https://arxiv.org/abs/1312.6114v11},
    arxivId = {1312.6114}
}

@article{LopezPinaya2020Autoencoders,
    title = {{Autoencoders}},
    year = {2020},
    journal = {Machine Learning: Methods and Applications to Brain Disorders},
    author = {Lopez Pinaya, Walter Hugo and Vieira, Sandra and Garcia-Dias, Rafael and Mechelli, Andrea},
    month = {3},
    pages = {193--208},
    publisher = {Elsevier},
    url = {https://arxiv.org/abs/2003.05991v2},
    isbn = {9780128157398},
    doi = {10.1016/B978-0-12-815739-8.00011-0},
    arxivId = {2003.05991},
    keywords = {Autism, Autoencoder, Brain disorders, Denoising data, Depression, Dimension reduction, Electronic health records, Generative modeling, Pretraining, Representation learning}
}

@article{Bordes2022AutomaticallyStress,
    title = {{Automatically annotated motion tracking identifies a distinct social behavioral profile following chronic social defeat stress}},
    year = {2022},
    journal = {bioRxiv},
    author = {Bordes, Joeri and Miranda, Lucas and Reinhardt, Maya and Brix, Lea Maria and Doeselaar, Lotte van and Engelhardt, Clara and P{\"{u}}tz, Benno and Agakov, Felix and M{\"{u}}ller-Myhsok, Bertram and Schmidt, Mathias V.},
    month = {6},
    pages = {2022.06.23.497350},
    publisher = {Cold Spring Harbor Laboratory},
    url = {https://www.biorxiv.org/content/10.1101/2022.06.23.497350v1 https://www.biorxiv.org/content/10.1101/2022.06.23.497350v1.abstract},
    doi = {10.1101/2022.06.23.497350}
}

@article{Bordes2023AutomaticallyStress,
    title = {{Automatically annotated motion tracking identifies a distinct social behavioral profile following chronic social defeat stress}},
    year = {2023},
    journal = {Nature Communications 2023 14:1},
    author = {Bordes, Joeri and Miranda, Lucas and Reinhardt, Maya and Narayan, Sowmya and Hartmann, Jakob and Newman, Emily L. and Brix, Lea Maria and van Doeselaar, Lotte and Engelhardt, Clara and Dillmann, Larissa and Mitra, Shiladitya and Ressler, Kerry J. and P{\"{u}}tz, Benno and Agakov, Felix and M{\"{u}}ller-Myhsok, Bertram and Schmidt, Mathias V.},
    number = {1},
    month = {7},
    pages = {1--19},
    volume = {14},
    publisher = {Nature Publishing Group},
    url = {https://www.nature.com/articles/s41467-023-40040-3},
    doi = {10.1038/s41467-023-40040-3},
    issn = {2041-1723},
    keywords = {Preclinical research, Social behaviour, Stress and resilience}
}

@article{Hsu2021B-SOiDBehaviors,
    title = {{B-SOiD, an open-source unsupervised algorithm for identification and fast prediction of behaviors}},
    year = {2021},
    journal = {Nature Communications},
    author = {Hsu, Alexander I. and Yttri, Eric A.},
    number = {1},
    month = {12},
    volume = {12},
    publisher = {Nature Publishing Group},
    url = {/pmc/articles/PMC8408193/ /pmc/articles/PMC8408193/?report=abstract https://www.ncbi.nlm.nih.gov/pmc/articles/PMC8408193/},
    doi = {10.1038/S41467-021-25420-X},
    issn = {20411723},
    pmid = {34465784}
}

@article{Holland1978Behaviorism:Solution,
    title = {{Behaviorism: part of the problem or part of the solution}},
    year = {1978},
    journal = {Journal of applied behavior analysis},
    author = {Holland, J G},
    number = {1},
    pages = {163--174},
    volume = {11},
    publisher = {J Appl Behav Anal},
    url = {https://pubmed.ncbi.nlm.nih.gov/649524/},
    doi = {10.1901/JABA.1978.11-163},
    issn = {0021-8855},
    pmid = {649524},
    keywords = {Alcoholism / therapy, Aversive Therapy, Behavior Control*, Behavior Therapy*, Behaviorism*, Criminal Psychology, Formal, Humans, J G Holland, MEDLINE, NCBI, NIH, NLM, National Center for Biotechnology Information, National Institutes of Health, National Library of Medicine, PMC1311279, Psychology, PubMed Abstract, Reinforcement, Social Conditions, Social Control, Social Environment, doi:10.1901/jaba.1978.11-163, pmid:649524}
}

@article{Levitis2009BehaviouralBehaviour,
    title = {{Behavioural biologists don't agree on what constitutes behaviour}},
    year = {2009},
    journal = {Anim Behav},
    author = {Levitis, Daniel A and Lidicker, William Z and Freund, Glenn},
    number = {1},
    pages = {103--110},
    volume = {78},
    doi = {10.1016/j.anbehav.2009.03.018},
    keywords = {Behaviour, Definition, Levels of Organization, Philosophy of Science}
}

@article{vonZiegler2020BigProfiling,
    title = {{Big behavior: challenges and opportunities in a new era of deep behavior profiling}},
    year = {2020},
    journal = {Neuropsychopharmacology},
    author = {von Ziegler, Lukas and Sturman, Oliver and Bohacek, Johannes},
    number = {1},
    month = {6},
    pages = {33--44},
    volume = {46},
    publisher = {Nature Research},
    url = {https://doi.org/10.3929/ethz-b-000426568},
    doi = {10.1038/S41386-020-0751-7},
    issn = {0893-133X},
    pmid = {32599604}
}

@article{Cannon1953BodilyExcitement.,
    title = {{Bodily changes in pain, hunger, fear and rage. An account of recent researches into the function of emotional excitement.}},
    year = {1953},
    journal = {D. Appleton {\&} Company},
    author = {Cannon, W. B.},
    number = {},
    publisher = {Boston: Charles T. Branford: London : Bailey Bros. {\&} Swinfen Ltd},
    keywords = {hunger, pain}
}

@article{Yoshida2021ChronicMice,
    title = {{Chronic social defeat stress impairs goal-directed behavior through dysregulation of ventral hippocampal activity in male mice}},
    year = {2021},
    journal = {Neuropsychopharmacology : official publication of the American College of Neuropsychopharmacology},
    author = {Yoshida, Keitaro and Drew, Michael R. and Kono, Anna and Mimura, Masaru and Takata, Norio and Tanaka, Kenji F.},
    number = {9},
    month = {8},
    pages = {1606--1616},
    volume = {46},
    publisher = {Neuropsychopharmacology},
    url = {https://pubmed.ncbi.nlm.nih.gov/33692477/},
    doi = {10.1038/S41386-021-00990-Y},
    issn = {1740-634X},
    pmid = {33692477},
    keywords = {Animal, Animals, Behavior, Goals*, Hippocampus, Humans, Inbred C57BL, Keitaro Yoshida, Kenji F Tanaka, MEDLINE, Male, Mice, Michael R Drew, Motivation, NCBI, NIH, NLM, National Center for Biotechnology Information, National Institutes of Health, National Library of Medicine, Non-U.S. Gov't, PMC8280175, Psychological, PubMed Abstract, Research Support, Social Behavior, Social Defeat*, Stress, doi:10.1038/s41386-021-00990-y, pmid:33692477}
}

@article{Jiang2020Co-embeddingNetworks,
    title = {{Co-embedding of Nodes and Edges with Graph Neural Networks}},
    year = {2020},
    journal = {IEEE Transactions on Pattern Analysis and Machine Intelligence},
    author = {Jiang, Xiaodong and Zhu, Ronghang and Ji, Pengsheng and Li, Sheng and Member, Senior},
    month = {10},
    pages = {1--1},
    volume = {X},
    publisher = {Institute of Electrical and Electronics Engineers (IEEE)},
    url = {https://arxiv.org/abs/2010.13242v1},
    doi = {10.1109/tpami.2020.3029762},
    issn = {0162-8828},
    arxivId = {2010.13242},
    keywords = {Graph Neural Networks, Index Terms-Graph Embedding, Line Graph, Link Prediction !, Node Classification}
}

@article{Burkhardt2022Commentary:Ethology,
    title = {{Commentary: New Directions in the History of Ethology}},
    year = {2022},
    journal = {Berichte zur Wissenschaftsgeschichte},
    author = {Burkhardt, Richard W.},
    number = {1-2},
    month = {6},
    pages = {189--199},
    volume = {45},
    publisher = {Ber Wiss},
    url = {https://pubmed.ncbi.nlm.nih.gov/35680615/},
    doi = {10.1002/BEWI.202280103},
    issn = {1522-2365},
    pmid = {35680615},
    keywords = {Animal*, Animals, Archives, Behavior, Ethology* / history, Individuality, MEDLINE, NCBI, NIH, NLM, National Center for Biotechnology Information, National Institutes of Health, National Library of Medicine, PubMed Abstract, Richard W Burkhardt, doi:10.1002/bewi.202280103, pmid:35680615}
}

@article{Scott1967ComparativeEthology,
    title = {{Comparative psychology and ethology}},
    year = {1967},
    journal = {Annual review of psychology},
    author = {Scott, J. P.},
    pages = {65--86},
    volume = {18},
    publisher = {Annu Rev Psychol},
    url = {https://pubmed.ncbi.nlm.nih.gov/5333431/},
    doi = {10.1146/ANNUREV.PS.18.020167.000433},
    issn = {0066-4308},
    pmid = {5333431},
    keywords = {Animal*, Animals, Behavior, Biological Evolution*, Comparative*, Humans, J P Scott, MEDLINE, NCBI, NIH, NLM, National Center for Biotechnology Information, National Institutes of Health, National Library of Medicine, Psychology, PubMed Abstract, Review, doi:10.1146/annurev.ps.18.020167.000433, pmid:5333431}
}

@article{Li2020ComputationalCentury,
    title = {{Computational neuroscience: a frontier of the 21st century}},
    year = {2020},
    journal = {National Science Review},
    author = {Li, Xiang and Peng, Lixu and Xi, Pan and Hua, Xiong and Su, Hua and Wangcheng, Sihua and Yu, Cheng and Wu, Haibo and Li, Heng and Ren, Yong and Chen, Xinwei and Liang, Liwei and Zhang, Zongxing and Chen Wuhan Jinyintan Hospital, Rong and Fei Deng, China and Qu, Guoqiang and Wang, Rongshuai and Wang, Yunyun and Zhou Hubei, Xiaowei and Wang, Fusheng and Zhao, Jingmin and Engl J Med, al N and Wang, Xiao-Jing and Hu, Hailan and Huang, Chengcheng and Kennedy, Henry and Tony Li, Chengyu and Logothetis, Nikos and Lu, Zhong-Lin and Luo, Qingming and Poo, Mu-ming and Tsao, Doris and Wu, Si and Wu, Zhaohui and Zhang, Xu and Zhou, Douglas},
    number = {9},
    month = {9},
    pages = {1418--1422},
    volume = {7},
    publisher = {Oxford Academic},
    url = {https://academic.oup.com/nsr/article/7/9/1418/5856589},
    doi = {10.1093/NSR/NWAA129},
    issn = {2095-5138}
}

@article{Le-Khac2020ContrastiveReview,
    title = {{Contrastive Representation Learning: A Framework and Review}},
    year = {2020},
    journal = {IEEE Access},
    author = {Le-Khac, Phuc H. and Healy, Graham and Smeaton, Alan F.},
    month = {10},
    pages = {193907--193934},
    volume = {8},
    publisher = {Institute of Electrical and Electronics Engineers Inc.},
    url = {http://arxiv.org/abs/2010.05113 http://dx.doi.org/10.1109/ACCESS.2020.3031549},
    doi = {10.1109/ACCESS.2020.3031549},
    arxivId = {2010.05113v2},
    keywords = {Contrastive learning, deep learning, machine learning, representation learning, self-supervised learning, unsupervised learning}
}

@article{Le-KhacContrastiveReview,
    title = {{Contrastive Representation Learning: A Framework and Review}},
    author = {Le-Khac, Phuc H and Healy, Graham and Smeaton, Alan F},
    doi = {10.1109/ACCESS.2020.3031549}
}

@misc{Coverage.pyDocumentation,
    title = {{Coverage.py — Coverage.py 7.2.5 documentation}},
    url = {https://coverage.readthedocs.io/en/7.2.5/}
}

@article{Shultz2017CurseDimensionality,
    title = {{Curse of Dimensionality}},
    year = {2017},
    journal = {Encyclopedia of Machine Learning and Data Mining},
    author = {Shultz, Thomas R and Fahlman, Scott E},
    pages = {314--315},
    publisher = {Springer, Boston, MA},
    url = {https://link.springer.com/referenceworkentry/10.1007/978-1-4899-7687-1_192},
    doi = {10.1007/978-1-4899-7687-1{\_}192}
}

@article{BordesDStress,
    title = {{D R A F T Automatically annotated motion tracking identifies a distinct social behavioral profile following chronic social defeat stress}},
    author = {Bordes, Joeri and Miranda, Lucas and Reinhardt, Maya and Brix, Lea Maria and Van Doeselaar, Lotte and Engelhardt, Clara and P{\"{u}}tz, Benno and Agakov, Felix and M{\"{u}}ller-Myhsok, Bertram and Schmidt, Mathias V},
    url = {https://doi.org/10.1101/2022.06.23.497350},
    doi = {10.1101/2022.06.23.497350}
}

@article{Sulloway1982DarwinLegend,
    title = {{Darwin and his finches: The evolution of a legend}},
    year = {1982},
    journal = {Journal of the History of Biology},
    author = {Sulloway, Frank J.},
    number = {1},
    month = {3},
    pages = {1--53},
    volume = {15},
    publisher = {Kluwer Academic Publishers},
    url = {https://link.springer.com/article/10.1007/BF00132004},
    doi = {10.1007/BF00132004/METRICS},
    issn = {00225010},
    keywords = {History of Science, Philosophy of Biology}
}

@article{Chai2021DeepScenarios,
    title = {{Deep learning in computer vision: A critical review of emerging techniques and application scenarios}},
    year = {2021},
    journal = {Machine Learning with Applications},
    author = {Chai, Junyi and Zeng, Hao and Li, Anming and Ngai, Eric W.T.},
    month = {12},
    pages = {100134},
    volume = {6},
    publisher = {Elsevier},
    doi = {10.1016/J.MLWA.2021.100134},
    issn = {2666-8270}
}

@article{Sturman2020DeepSolutions,
    title = {{Deep learning-based behavioral analysis reaches human accuracy and is capable of outperforming commercial solutions}},
    year = {2020},
    journal = {Neuropsychopharmacology},
    author = {Sturman, Oliver and von Ziegler, Lukas and Schl{\"{a}}ppi, Christa and Akyol, Furkan and Privitera, Mattia and Slominski, Daria and Grimm, Christina and Thieren, Laetitia and Zerbi, Valerio and Grewe, Benjamin and Bohacek, Johannes},
    number = {11},
    month = {7},
    pages = {1942--1952},
    volume = {45},
    publisher = {Nature Publishing Group},
    url = {https://doi.org/10.3929/ethz-b-000431266},
    doi = {10.1038/S41386-020-0776-Y},
    issn = {0893-133X},
    pmid = {32711402}
}

@article{He2015DeepRecognition,
    title = {{Deep Residual Learning for Image Recognition}},
    year = {2015},
    journal = {Proceedings of the IEEE Computer Society Conference on Computer Vision and Pattern Recognition},
    author = {He, Kaiming and Zhang, Xiangyu and Ren, Shaoqing and Sun, Jian},
    month = {12},
    pages = {770--778},
    volume = {2016-December},
    publisher = {IEEE Computer Society},
    url = {https://arxiv.org/abs/1512.03385v1},
    isbn = {9781467388504},
    doi = {10.1109/CVPR.2016.90},
    issn = {10636919},
    arxivId = {1512.03385}
}

@article{He2015DeepRecognitionb,
    title = {{Deep Residual Learning for Image Recognition}},
    year = {2015},
    journal = {Proceedings of the IEEE Computer Society Conference on Computer Vision and Pattern Recognition},
    author = {He, Kaiming and Zhang, Xiangyu and Ren, Shaoqing and Sun, Jian},
    month = {12},
    pages = {770--778},
    volume = {2016-December},
    publisher = {IEEE Computer Society},
    url = {https://arxiv.org/abs/1512.03385v1},
    isbn = {9781467388504},
    doi = {10.1109/CVPR.2016.90},
    issn = {10636919},
    arxivId = {1512.03385}
}

@article{ArticleAuthor2022Deep-learning-basedEnvironments,
    title = {{Deep-learning-based identification, tracking, pose estimation and behaviour classification of interacting primates and mice in complex environments}},
    year = {2022},
    author = {Article Author, Journal and Ziegler, von and der Behrens, von and Fatih, Mehmet},
    url = {https://doi.org/10.3929/ethz-b-000543464},
    doi = {10.3929/ethz-b-000543464}
}

@article{Marks2022Deep-learning-basedEnvironments,
    title = {{Deep-learning-based identification, tracking, pose estimation and behaviour classification of interacting primates and mice in complex environments}},
    year = {2022},
    journal = {Nature Machine Intelligence 2022 4:4},
    author = {Marks, Markus and Jin, Qiuhan and Sturman, Oliver and von Ziegler, Lukas and Kollmorgen, Sepp and von der Behrens, Wolfger and Mante, Valerio and Bohacek, Johannes and Yanik, Mehmet Fatih},
    number = {4},
    month = {4},
    pages = {331--340},
    volume = {4},
    publisher = {Nature Publishing Group},
    url = {https://www.nature.com/articles/s42256-022-00477-5},
    doi = {10.1038/s42256-022-00477-5},
    issn = {2522-5839},
    keywords = {Animal behaviour, Behavioural methods, Machine learning, Neuroscience, Software}
}

@article{Mathis2018DeepLabCut:Learning,
    title = {{DeepLabCut: markerless pose estimation of user-defined body parts with deep learning}},
    year = {2018},
    journal = {Nature Neuroscience 2018 21:9},
    author = {Mathis, Alexander and Mamidanna, Pranav and Cury, Kevin M. and Abe, Taiga and Murthy, Venkatesh N. and Mathis, Mackenzie Weygandt and Bethge, Matthias},
    number = {9},
    month = {8},
    pages = {1281--1289},
    volume = {21},
    publisher = {Nature Publishing Group},
    url = {https://www.nature.com/articles/s41593-018-0209-y},
    doi = {10.1038/s41593-018-0209-y},
    issn = {1546-1726},
    pmid = {30127430},
    keywords = {Behavioural methods, Computational neuroscience, Machine learning}
}

@article{Miranda2023DeepOF:Data,
    title = {{DeepOF: a Python package for supervised and unsupervised pattern recognition in mice motion tracking data}},
    year = {2023},
    journal = {Journal of Open Source Software},
    author = {Miranda, Lucas and Bordes, Joeri and P{\"{u}}tz, Benno and Schmidt, Mathias V. and M{\"{u}}ller-Myhsok, Bertram},
    number = {86},
    month = {6},
    pages = {5394},
    volume = {8},
    url = {https://joss.theoj.org/papers/10.21105/joss.05394},
    doi = {10.21105/JOSS.05394},
    issn = {2475-9066}
}

@techreport{WorldHealthOrganization2021DepressionEstimates,
    title = {{Depression and Other Common Mental Disorders Global Health Estimates}},
    year = {2021},
    author = {{World Health Organization}},
    institution = {World Health Organization}
}

@article{AmericanPsychiatricAssociation2022DiagnosticDisorders,
    title = {{Diagnostic and Statistical Manual of Mental Disorders}},
    year = {2022},
    journal = {Diagnostic and Statistical Manual of Mental Disorders},
    author = {{American Psychiatric Association}},
    month = {3},
    publisher = {American Psychiatric Association Publishing},
    doi = {10.1176/APPI.BOOKS.9780890425787}
}

@article{Wise2021DopamineAddiction,
    title = {{Dopamine, behavior, and addiction}},
    year = {2021},
    journal = {Journal of biomedical science},
    author = {Wise, Roy A. and Jordan, Chloe J.},
    number = {1},
    month = {12},
    volume = {28},
    publisher = {J Biomed Sci},
    url = {https://pubmed.ncbi.nlm.nih.gov/34852810/},
    doi = {10.1186/S12929-021-00779-7},
    issn = {1423-0127},
    pmid = {34852810},
    keywords = {Addictive / psychology*, Animals, Appetitive Behavior / drug effects, Avoidance Learning / drug effects, Behavior, Chloe J Jordan, Dopamine / deficiency*, Dopaminergic Neurons / metabolism*, Learning / drug effects*, Long-Term Potentiation*, MEDLINE, Mice, NCBI, NIH, NLM, National Center for Biotechnology Information, National Institutes of Health, National Library of Medicine, PMC8638539, PubMed Abstract, Rats, Reflex* / drug effects, Review, Roy A Wise, doi:10.1186/s12929-021-00779-7, pmid:34852810}
}

@article{Sakoe1978DynamicRecognition,
    title = {{Dynamic Programming Algorithm Optimization for Spoken Word Recognition}},
    year = {1978},
    journal = {IEEE Transactions on Acoustics, Speech, and Signal Processing},
    author = {Sakoe, Hiroaki and Chiba, Seibi},
    number = {1},
    pages = {43--49},
    volume = {26},
    doi = {10.1109/TASSP.1978.1163055},
    issn = {00963518}
}

@article{Donahue2014EffectsMice,
    title = {{Effects of striatal {$\Delta$}FosB overexpression and ketamine on social defeat stress-induced anhedonia in mice}},
    year = {2014},
    journal = {Biological psychiatry},
    author = {Donahue, Rachel J. and Muschamp, John W. and Russo, Scott J. and Nestler, Eric J. and Carlezon, William A.},
    number = {7},
    pages = {550--558},
    volume = {76},
    publisher = {Biol Psychiatry},
    url = {https://pubmed.ncbi.nlm.nih.gov/24495460/},
    doi = {10.1016/J.BIOPSYCH.2013.12.014},
    issn = {1873-2402},
    pmid = {24495460},
    keywords = {Anhedonia / drug effects*, Anhedonia / physiology*, Animals, Antidepressive Agents / pharmacology*, Corpus Striatum / metabolism*, Electric Stimulation, Extramural, Hypothalamus / physiopathology, Inbred C57BL, John W Muschamp, Ketamine / pharmacology*, MEDLINE, Male, Mice, N.I.H., NCBI, NIH, NLM, National Center for Biotechnology Information, National Institutes of Health, National Library of Medicine, PMC4087093, Proto-Oncogene Proteins c-fos / metabolism*, Psychological / physiopathology*, PubMed Abstract, Rachel J Donahue, Research Support, Reward, Self Stimulation, Social Behavior, Stress, William A Carlezon, doi:10.1016/j.biopsych.2013.12.014, pmid:24495460}
}

@article{Lafabregue2022End-to-endStudy,
    title = {{End-to-end deep representation learning for time series clustering: a comparative study}},
    year = {2022},
    journal = {Data Mining and Knowledge Discovery},
    author = {Lafabregue, Baptiste and Weber, Jonathan and Gan{\c{c}}arski, Pierre and Forestier, Germain and Lafabregue, B and Weber, J and Forestier, G and Gan{\c{c}}arski, P and Hoang, Anh and Dau, Anthony and Bagnall, Kaveh and Kamgar, Chin-Chia Michael and Yeh, Yan and Zhu, Shaghayegh and Gharghabi, Ann and Ratanamahatana, Eamonn and Keogh, Mustafa Baydogan},
    url = {https://doi.org/10.1007/s10618-021-00796-y.},
    doi = {10.1007/s10618-021-00796-y},
    keywords = {Clustering {\textperiodcentered}, Deep, Learning {\textperiodcentered}, Time series}
}

@article{Ganaie2022EnsembleReview,
    title = {{Ensemble deep learning: A review}},
    year = {2022},
    journal = {arxiv},
    author = {Ganaie, M A and Hu, Minghui and Malik, A K and Tanveer, M and Suganthan, P N},
    arxivId = {2104.02395v3},
    keywords = {Deep Learning, Ensemble Learning}
}

@article{Weidinger2021EthicalModels,
    title = {{Ethical and social risks of harm from Language Models}},
    year = {2021},
    journal = {arxiv},
    author = {Weidinger, Laura and Mellor, John and Rauh, Maribeth and Griffin, Conor and Uesato, Jonathan and Huang, Po-Sen and Cheng, Myra and Glaese, Mia and Balle, Borja and Kasirzadeh, Atoosa and Kenton, Zac and Brown, Sasha and Hawkins, Will and Stepleton, Tom and Biles, Courtney and Birhane, Abeba and Haas, Julia and Rimell, Laura and Hendricks, Lisa Anne and Isaac, William and Legassick, Sean and Irving, Geoffrey and Gabriel, Iason and Com>, <lweidinger@deepmind},
    month = {12},
    url = {https://arxiv.org/abs/2112.04359v1},
    arxivId = {2112.04359},
    keywords = {Access, Discrimination, Exclusion and Toxicity, II Information Hazards, III Misinformation Harms, IV Malicious Uses, V Human-Computer Interaction Harms, VI Automation, and Environmental Harms}
}

@article{Marler2005EthologyEndocrinology,
    title = {{Ethology and the origins of behavioral endocrinology}},
    year = {2005},
    journal = {Hormones and behavior},
    author = {Marler, Peter},
    number = {4},
    pages = {493--502},
    volume = {47},
    publisher = {Horm Behav},
    url = {https://pubmed.ncbi.nlm.nih.gov/15777816/},
    doi = {10.1016/J.YHBEH.2005.01.002},
    issn = {0018-506X},
    pmid = {15777816},
    keywords = {20th Century, Animals, Behavior*, Behavioral Research / history*, Biography, Endocrinology / history*, Ethology / history*, Historical Article, History, Humans, MEDLINE, NCBI, NIH, NLM, National Center for Biotechnology Information, National Institutes of Health, National Library of Medicine, Neuropsychology / history, Neurosciences / history*, Peter Marler, Portrait, PubMed Abstract, Review, doi:10.1016/j.yhbeh.2005.01.002, pmid:15777816}
}

@article{Tralie2020ExactMemory,
    title = {{Exact, Parallelizable Dynamic Time Warping Alignment with Linear Memory}},
    year = {2020},
    journal = {arXiv},
    author = {Tralie, Christopher J and Dempsey, Elizabeth},
    month = {8},
    url = {https://arxiv.org/abs/2008.02734v1},
    isbn = {2008.02734v1},
    arxivId = {2008.02734}
}

@article{Georgiou2022ExperimentersFactor,
    title = {{Experimenters' sex modulates mouse behaviors and neural responses to ketamine via corticotropin releasing factor}},
    year = {2022},
    journal = {Nature neuroscience},
    author = {Georgiou, Polymnia and Zanos, Panos and Mou, Ta Chung M. and An, Xiaoxian and Gerhard, Danielle M. and Dryanovski, Dilyan I. and Potter, Liam E. and Highland, Jaclyn N. and Jenne, Carleigh E. and Stewart, Brent W. and Pultorak, Katherine J. and Yuan, Peixiong and Powels, Chris F. and Lovett, Jacqueline and Pereira, Edna F.R. and Clark, Sarah M. and Tonelli, Leonardo H. and Moaddel, Ruin and Zarate, Carlos A. and Duman, Ronald S. and Thompson, Scott M. and Gould, Todd D.},
    number = {9},
    month = {9},
    pages = {1191--1200},
    volume = {25},
    publisher = {Nat Neurosci},
    url = {https://pubmed.ncbi.nlm.nih.gov/36042309/},
    doi = {10.1038/S41593-022-01146-X},
    issn = {1546-1726},
    pmid = {36042309},
    keywords = {Animal* / drug effects, Animals, Antidepressive Agents / pharmacology, Behavior, Corticotropin-Releasing Hormone / metabolism, Extramural, Female, Hippocampus / metabolism, Humans, Intramural, Ketamine* / pharmacology, MEDLINE, Male, Mice, N.I.H., NCBI, NIH, NLM, National Center for Biotechnology Information, National Institutes of Health, National Library of Medicine, Neurons / metabolism, Non-P.H.S., Panos Zanos, Polymnia Georgiou, PubMed Abstract, Research Personnel*, Research Support, Sex Characteristics*, Todd D Gould, U.S. Gov't, doi:10.1038/s41593-022-01146-x, pmid:36042309}
}

@article{Binder2022FacingPhobia,
    title = {{Facing Your Fear in Immersive Virtual Reality: Avoidance Behavior in Specific Phobia}},
    year = {2022},
    journal = {Frontiers in Behavioral Neuroscience},
    author = {Binder, Florian P. and P{\"{o}}hlchen, Dorothee and Zwanzger, Peter and Spoormaker, Victor I.},
    month = {4},
    pages = {91},
    volume = {16},
    publisher = {Frontiers Media S.A.},
    doi = {10.3389/FNBEH.2022.827673/BIBTEX},
    issn = {16625153},
    keywords = {anxiety disorders, arachnophobia, avoidance behavior, exposure, immersive, specific phobia, spider phobia, virtual reality}
}

@article{Ren2015FasterNetworks,
    title = {{Faster R-CNN: Towards Real-Time Object Detection with Region Proposal Networks}},
    year = {2015},
    journal = {IEEE Transactions on Pattern Analysis and Machine Intelligence},
    author = {Ren, Shaoqing and He, Kaiming and Girshick, Ross and Sun, Jian},
    number = {6},
    month = {6},
    pages = {1137--1149},
    volume = {39},
    publisher = {IEEE Computer Society},
    url = {https://arxiv.org/abs/1506.01497v3},
    doi = {10.1109/TPAMI.2016.2577031},
    issn = {01628828},
    pmid = {27295650},
    arxivId = {1506.01497},
    keywords = {Object detection, convolutional neural network, region proposal}
}

@article{Bezdek1984FCM:Algorithm,
    title = {{FCM: The fuzzy c-means clustering algorithm}},
    year = {1984},
    journal = {Computers {\&} Geosciences},
    author = {Bezdek, James C. and Ehrlich, Robert and Full, William},
    number = {2-3},
    month = {1},
    pages = {191--203},
    volume = {10},
    publisher = {Pergamon},
    doi = {10.1016/0098-3004(84)90020-7},
    issn = {0098-3004},
    keywords = {Cluster analysis, Cluster validity, Fuzzy QMODEL, Fuzzy clustering, Least-squared errors}
}

@article{Fulcher2017Feature-basedAnalysis,
    title = {{Feature-based time-series analysis}},
    year = {2017},
    journal = {arXiv},
    author = {Fulcher, Ben D},
    arxivId = {1709.08055v2}
}

@article{Zhou2021Gene-EnvironmentPerspective,
    title = {{Gene-Environment Interaction: A Variable Selection Perspective}},
    year = {2021},
    journal = {Methods in molecular biology (Clifton, N.J.)},
    author = {Zhou, Fei and Ren, Jie and Lu, Xi and Ma, Shuangge and Wu, Cen},
    pages = {191--223},
    volume = {2212},
    publisher = {Methods Mol Biol},
    url = {https://pubmed.ncbi.nlm.nih.gov/33733358/},
    doi = {10.1007/978-1-0716-0947-7{\_}13},
    issn = {1940-6029},
    pmid = {33733358},
    keywords = {Algorithms, Bayes Theorem, Cen Wu, Computer Simulation, Epistasis, Extramural, Fei Zhou, Gene-Environment Interaction*, Genetic*, Genome-Wide Association Study, Humans, Jie Ren, Linear Models*, MEDLINE, Models, N.I.H., NCBI, NIH, NLM, National Center for Biotechnology Information, National Institutes of Health, National Library of Medicine, Non-P.H.S., Non-U.S. Gov't, Nonlinear Dynamics*, Polymorphism, PubMed Abstract, Research Support, Review, Single Nucleotide, U.S. Gov't, doi:10.1007/978-1-0716-0947-7{\_}13, pmid:33733358}
}

@article{Soheily-KhahGeneralizedWarp,
    title = {{Generalized k-means based clustering for temporal data under time warp}},
    author = {Soheily-Khah, Saeid},
    url = {https://hal.science/tel-01394280v2},
    keywords = {()}
}

@article{Charney2017GenesGenetics,
    title = {{Genes, behavior, and behavior genetics}},
    year = {2017},
    journal = {Wiley interdisciplinary reviews. Cognitive science},
    author = {Charney, Evan},
    number = {1-2},
    month = {1},
    volume = {8},
    publisher = {Wiley Interdiscip Rev Cogn Sci},
    url = {https://pubmed.ncbi.nlm.nih.gov/27906529/},
    doi = {10.1002/WCS.1405},
    issn = {1939-5086},
    pmid = {27906529},
    keywords = {Behavioral*, Biological*, Evan Charney, Genetic Association Studies, Genetics, Genotype, Heritable*, Humans, MEDLINE, Models, NCBI, NIH, NLM, National Center for Biotechnology Information, National Institutes of Health, National Library of Medicine, Phenotype, PubMed Abstract, Quantitative Trait, Review, Twin Studies as Topic, doi:10.1002/wcs.1405, pmid:27906529}
}

@article{OpenAI2023GPT-4Report,
    title = {{GPT-4 Technical Report}},
    year = {2023},
    journal = {arxiv},
    author = {{OpenAI}},
    month = {3},
    url = {https://arxiv.org/abs/2303.08774v3},
    arxivId = {2303.08774}
}

@book{Gardner2017GreenspansEdition,
    title = {{Greenspan's basic and clinical endocrinology, tenth edition}},
    year = {2017},
    author = {Gardner, David G; Shoback, Dolores M},
    month = {10},
    publisher = {McGraw-Hill Education}
}

@article{McInnes2017Hdbscan:Clustering,
    title = {{hdbscan: Hierarchical density based clustering}},
    year = {2017},
    journal = {Journal of Open Source Software},
    author = {McInnes, Leland and Healy, John and Astels, Steve},
    number = {11},
    month = {3},
    pages = {205},
    volume = {2},
    publisher = {The Open Journal},
    url = {https://joss.theoj.org/papers/10.21105/joss.00205},
    doi = {10.21105/JOSS.00205},
    issn = {2475-9066}
}

@article{Ramesh2022HierarchicalLatents,
    title = {{Hierarchical Text-Conditional Image Generation with CLIP Latents}},
    year = {2022},
    journal = {arxiv},
    author = {Ramesh, Aditya and Dhariwal, Prafulla and Nichol, Alex and Chu, Casey and Chen, Mark},
    month = {4},
    url = {https://arxiv.org/abs/2204.06125v1},
    arxivId = {2204.06125}
}

@article{Shemesh2013High-orderMice,
    title = {{High-order social interactions in groups of mice}},
    year = {2013},
    journal = {eLife},
    author = {Shemesh, Yair and Sztainberg, Yehezkel and Forkosh, Oren and Shlapobersky, Tamar and Chen, Alon and Schneidman, Elad},
    pages = {759},
    volume = {2},
    doi = {10.7554/eLife.00759}
}

@article{Dana2019High-performanceMicrocompartments,
    title = {{High-performance calcium sensors for imaging activity in neuronal populations and microcompartments}},
    year = {2019},
    journal = {Nature Methods 2019 16:7},
    author = {Dana, Hod and Sun, Yi and Mohar, Boaz and Hulse, Brad K. and Kerlin, Aaron M. and Hasseman, Jeremy P. and Tsegaye, Getahun and Tsang, Arthur and Wong, Allan and Patel, Ronak and Macklin, John J. and Chen, Yang and Konnerth, Arthur and Jayaraman, Vivek and Looger, Loren L. and Schreiter, Eric R. and Svoboda, Karel and Kim, Douglas S.},
    number = {7},
    month = {6},
    pages = {649--657},
    volume = {16},
    publisher = {Nature Publishing Group},
    url = {https://www.nature.com/articles/s41592-019-0435-6},
    doi = {10.1038/s41592-019-0435-6},
    issn = {1548-7105},
    pmid = {31209382},
    keywords = {Neuroscience, Protein design}
}

@article{Rombach2021High-ResolutionModels,
    title = {{High-Resolution Image Synthesis with Latent Diffusion Models}},
    year = {2021},
    journal = {Proceedings of the IEEE Computer Society Conference on Computer Vision and Pattern Recognition},
    author = {Rombach, Robin and Blattmann, Andreas and Lorenz, Dominik and Esser, Patrick and Ommer, Bjorn},
    month = {12},
    pages = {10674--10685},
    volume = {2022-June},
    publisher = {IEEE Computer Society},
    url = {https://arxiv.org/abs/2112.10752v2},
    isbn = {9781665469463},
    doi = {10.1109/CVPR52688.2022.01042},
    issn = {10636919},
    arxivId = {2112.10752},
    keywords = {Image and video synthesis and generation}
}

@article{Jumper2021HighlyAlphaFold,
    title = {{Highly accurate protein structure prediction with AlphaFold}},
    year = {2021},
    journal = {Nature 2021 596:7873},
    author = {Jumper, John and Evans, Richard and Pritzel, Alexander and Green, Tim and Figurnov, Michael and Ronneberger, Olaf and Tunyasuvunakool, Kathryn and Bates, Russ and {\v{Z}}{\'{i}}dek, Augustin and Potapenko, Anna and Bridgland, Alex and Meyer, Clemens and Kohl, Simon A.A. and Ballard, Andrew J. and Cowie, Andrew and Romera-Paredes, Bernardino and Nikolov, Stanislav and Jain, Rishub and Adler, Jonas and Back, Trevor and Petersen, Stig and Reiman, David and Clancy, Ellen and Zielinski, Michal and Steinegger, Martin and Pacholska, Michalina and Berghammer, Tamas and Bodenstein, Sebastian and Silver, David and Vinyals, Oriol and Senior, Andrew W. and Kavukcuoglu, Koray and Kohli, Pushmeet and Hassabis, Demis},
    number = {7873},
    month = {7},
    pages = {583--589},
    volume = {596},
    publisher = {Nature Publishing Group},
    url = {https://www.nature.com/articles/s41586-021-03819-2},
    doi = {10.1038/s41586-021-03819-2},
    issn = {1476-4687},
    pmid = {34265844},
    keywords = {Computational biophysics, Machine learning, Protein structure predictions, Structural biology}
}

@book{Wallace2008HistoryPsychology,
    title = {{History of Psychiatry and Medical Psychology}},
    year = {2008},
    author = {Wallace, Edwin R and Gach, John},
    publisher = {Springer}
}

@misc{HomeDocs,
    title = {{Home | Read the Docs}},
    url = {https://readthedocs.org/}
}

@article{McEwen2020HormonesScience,
    title = {{Hormones and behavior and the integration of brain-body science}},
    year = {2020},
    journal = {Hormones and behavior},
    author = {McEwen, Bruce S.},
    month = {3},
    volume = {119},
    publisher = {Horm Behav},
    url = {https://pubmed.ncbi.nlm.nih.gov/31790663/},
    doi = {10.1016/J.YHBEH.2019.104619},
    issn = {1095-6867},
    pmid = {31790663},
    keywords = {Adaptation, Animals, Behavior / physiology*, Brain / metabolism, Brain / physiology*, Bruce S McEwen, Extramural, Female, Gonadal Steroid Hormones / metabolism, Hippocampus / physiology, Hormones / metabolism*, Hormones / physiology, Humans, MEDLINE, Male, Mood Disorders / etiology, Mood Disorders / metabolism, Mood Disorders / physiopathology, N.I.H., NCBI, NIH, NLM, National Center for Biotechnology Information, National Institutes of Health, National Library of Medicine, Non-U.S. Gov't, Physiological / physiology, Psychological / metabolism, Psychological / physiopathology, Psychophysiology*, PubMed Abstract, Research Support, Review, Sex Characteristics, Stress, doi:10.1016/j.yhbeh.2019.104619, pmid:31790663}
}

@article{Harmer2017HowApproaches,
    title = {{How do antidepressants work? New perspectives for refining future treatment approaches}},
    year = {2017},
    journal = {The lancet. Psychiatry},
    author = {Harmer, Catherine J. and Duman, Ronald S. and Cowen, Philip J.},
    number = {5},
    month = {5},
    pages = {409--418},
    volume = {4},
    publisher = {Lancet Psychiatry},
    url = {https://pubmed.ncbi.nlm.nih.gov/28153641/},
    doi = {10.1016/S2215-0366(17)30015-9},
    issn = {2215-0374},
    pmid = {28153641},
    keywords = {Antidepressive Agents / pharmacology*, Catherine J Harmer, Depression / drug therapy*, Emotions, Extramural, Humans, MEDLINE, N.I.H., NCBI, NIH, NLM, National Center for Biotechnology Information, National Institutes of Health, National Library of Medicine, Neuronal Plasticity, PMC5410405, Philip J Cowen, PubMed Abstract, Research Support, Review, Ronald S Duman, Social Behavior, doi:10.1016/S2215-0366(17)30015-9, pmid:28153641}
}

@article{Maciver2019Hypothesis:Testing,
    title = {{Hypothesis: A new approach to property-based testing}},
    year = {2019},
    journal = {Journal of Open Source Software},
    author = {Maciver, David R and Hatfield-Dodds, Zac},
    url = {https://pypi.org/project/hypothesis-bio/},
    doi = {10.21105/joss.01891}
}

@article{Luxem2022IdentifyingMotion,
    title = {{Identifying behavioral structure from deep variational embeddings of animal motion}},
    year = {2022},
    journal = {Communications Biology 2022 5:1},
    author = {Luxem, Kevin and Mocellin, Petra and Fuhrmann, Falko and K{\"{u}}rsch, Johannes and Miller, Stephanie R. and Palop, Jorge J. and Remy, Stefan and Bauer, Pavol},
    number = {1},
    month = {11},
    pages = {1--15},
    volume = {5},
    publisher = {Nature Publishing Group},
    url = {https://www.nature.com/articles/s42003-022-04080-7},
    doi = {10.1038/s42003-022-04080-7},
    issn = {2399-3642},
    pmid = {36400882},
    keywords = {Behavioural methods, Computational neuroscience}
}

@article{Forkosh2019IdentityRepertoire,
    title = {{Identity domains capture individual differences from across the behavioral repertoire}},
    year = {2019},
    journal = {Nature Neuroscience},
    author = {Forkosh, Oren and Karamihalev, Stoyo and Roeh, Simone and Alon, Uri and Anpilov, Sergey and Touma, Chadi and Nussbaumer, Markus and Flachskamm, Cornelia and Kaplick, Paul M and Shemesh, Yair and Chen, Alon},
    url = {https://doi.org/10.1038/s41593-019-0516-y},
    doi = {10.1038/s41593-019-0516-y}
}

@article{Krizhevsky2012ImageNetNetworks,
    title = {{ImageNet Classification with Deep Convolutional Neural Networks}},
    year = {2012},
    journal = {Advances in Neural Information Processing Systems},
    author = {Krizhevsky, Alex and Sutskever, Ilya and Hinton, Geoffrey E.},
    volume = {25},
    url = {http://code.google.com/p/cuda-convnet/}
}

@article{Toi2022InResolution,
    title = {{In vivo direct imaging of neuronal activity at high temporospatial resolution}},
    year = {2022},
    journal = {Science},
    author = {Toi, Phan Tan and Jang, Hyun Jae and Min, Kyeongseon and Kim, Sung Phil and Lee, Seung Kyun and Lee, Jongho and Kwag, Jeehyun and Park, Jang Yeon},
    number = {6616},
    month = {10},
    volume = {378},
    publisher = {American Association for the Advancement of Science},
    url = {https://www.science.org/doi/10.1126/science.abh4340},
    doi = {10.1126/SCIENCE.ABH4340/SUPPL{\_}FILE/SCIENCE.ABH4340{\_}MDAR{\_}REPRODUCIBILITY{\_}CHECKLIST.PDF},
    issn = {10959203},
    pmid = {36227975}
}

@article{Miranda2023IncreasingBehaviors,
    title = {{Increasing resolution in stress neurobiology: from single cells to complex group behaviors}},
    year = {2023},
    journal = {Stress (Amsterdam, Netherlands)},
    author = {Miranda, Lucas and Bordes, Joeri and Gasperoni, Serena and Lopez, Juan Pablo},
    number = {1},
    month = {1},
    pages = {2186141},
    volume = {26},
    publisher = {Stress},
    url = {https://pubmed.ncbi.nlm.nih.gov/36855966/},
    doi = {10.1080/10253890.2023.2186141},
    issn = {1607-8888},
    pmid = {36855966},
    keywords = {Animals, Anxiety Disorders, Humans, Joeri Bordes, Juan Pablo Lopez, Lucas Miranda, MEDLINE, Mass Behavior*, NCBI, NIH, NLM, National Center for Biotechnology Information, National Institutes of Health, National Library of Medicine, Neurobiology*, Non-U.S. Gov't, Psychological, PubMed Abstract, Research Support, Stress, doi:10.1080/10253890.2023.2186141, pmid:36855966}
}

@misc{IndustrializingDiscovery,
    title = {{Industrializing behavioral testing to redefine neuropsychiatric drug discovery}},
    url = {https://www.nature.com/articles/d43747-022-00182-7}
}

@article{Chesler2002InfluencesBehavior,
    title = {{Influences of laboratory environment on behavior}},
    year = {2002},
    journal = {Nature neuroscience},
    author = {Chesler, Elissa J. and Wilson, Sonya G. and Lariviere, William R. and Rodriguez-Zas, Sandra L. and Mogil, Jeffrey S.},
    number = {11},
    month = {11},
    pages = {1101--1102},
    volume = {5},
    publisher = {Nat Neurosci},
    url = {https://pubmed.ncbi.nlm.nih.gov/12403996/},
    doi = {10.1038/NN1102-1101},
    issn = {1097-6256},
    pmid = {12403996},
    keywords = {Animal / physiology*, Animals, Behavior, Elissa J Chesler, Environment*, Jeffrey S Mogil, Laboratories, Letter, MEDLINE, NCBI, NIH, NLM, National Center for Biotechnology Information, National Institutes of Health, National Library of Medicine, Neurosciences / standards*, PubMed Abstract, Sonya G Wilson, doi:10.1038/nn1102-1101, pmid:12403996}
}

@article{Hao2021IntegratedData,
    title = {{Integrated analysis of multimodal single-cell data}},
    year = {2021},
    journal = {Cell},
    author = {Hao, Yuhan and Hao, Stephanie and Andersen-Nissen, Erica and Mauck, William M. and Zheng, Shiwei and Butler, Andrew and Lee, Maddie J. and Wilk, Aaron J. and Darby, Charlotte and Zager, Michael and Hoffman, Paul and Stoeckius, Marlon and Papalexi, Efthymia and Mimitou, Eleni P. and Jain, Jaison and Srivastava, Avi and Stuart, Tim and Fleming, Lamar M. and Yeung, Bertrand and Rogers, Angela J. and McElrath, Juliana M. and Blish, Catherine A. and Gottardo, Raphael and Smibert, Peter and Satija, Rahul},
    number = {13},
    month = {6},
    pages = {3573--3587},
    volume = {184},
    publisher = {Cell Press},
    doi = {10.1016/J.CELL.2021.04.048},
    issn = {0092-8674},
    pmid = {34062119},
    keywords = {CITE-seq, COVID-19, T cell, immune system, multimodal analysis, reference mapping, single cell genomics}
}

@article{vonMucke-Heim2022IntroducingMice,
    title = {{Introducing a depression-like syndrome for translational neuropsychiatry: a plea for taxonomical validity and improved comparability between humans and mice}},
    year = {2022},
    journal = {Molecular Psychiatry 2022 28:1},
    author = {von M{\"{u}}cke-Heim, Iven Alex and Urbina-Trevi{\~{n}}o, Lidia and Bordes, Joeri and Ries, Clemens and Schmidt, Mathias V. and Deussing, Jan M.},
    number = {1},
    month = {9},
    pages = {329--340},
    volume = {28},
    publisher = {Nature Publishing Group},
    url = {https://www.nature.com/articles/s41380-022-01762-w},
    doi = {10.1038/s41380-022-01762-w},
    issn = {1476-5578},
    pmid = {36104436},
    keywords = {Depression, Neuroscience}
}

@article{Lopez2022KetamineKcnq2,
    title = {{Ketamine exerts its sustained antidepressant effects via cell-type-specific regulation of Kcnq2}},
    year = {2022},
    journal = {Neuron},
    author = {Lopez, Juan Pablo and L{\"{u}}cken, Malte D. and Brivio, Elena and Karamihalev, Stoyo and Kos, Aron and De Donno, Carlo and Benjamin, Asaf and Yang, Huanqing and Dick, Alec L.W. and Stoffel, Rainer and Flachskamm, Cornelia and Ressle, Andrea and Roeh, Simone and Huettl, Rosa Eva and Parl, Andrea and Eggert, Carola and Novak, Bozidar and Yan, Yu and Yeoh, Karin and Holzapfel, Maria and Hauger, Barbara and Harbich, Daniela and Schmid, Bianca and Di Giaimo, Rossella and Turck, Christoph W. and Schmidt, Mathias V. and Deussing, Jan M. and Eder, Matthias and Dine, Julien and Theis, Fabian J. and Chen, Alon},
    number = {14},
    month = {7},
    pages = {2283--2298},
    volume = {110},
    publisher = {Cell Press},
    url = {http://www.cell.com/article/S0896627322004093/fulltext http://www.cell.com/article/S0896627322004093/abstract https://www.cell.com/neuron/abstract/S0896-6273(22)00409-3},
    doi = {10.1016/j.neuron.2022.05.001},
    issn = {10974199},
    pmid = {35649415},
    keywords = {KCNQ, KCNQ2, cell-type specific, ezogabine, glutamatergic neurons, ketamine, retigabine, single-cell RNA sequencing, sustained antidepressant response, ventral hippocampus}
}

@article{Lopez2022KetamineKcnq2b,
    title = {{Ketamine exerts its sustained antidepressant effects via cell-type-specific regulation of Kcnq2}},
    year = {2022},
    journal = {Neuron},
    author = {Lopez, Juan Pablo and L{\"{u}}cken, Malte D. and Brivio, Elena and Karamihalev, Stoyo and Kos, Aron and De Donno, Carlo and Benjamin, Asaf and Yang, Huanqing and Dick, Alec L.W. and Stoffel, Rainer and Flachskamm, Cornelia and Ressle, Andrea and Roeh, Simone and Huettl, Rosa Eva and Parl, Andrea and Eggert, Carola and Novak, Bozidar and Yan, Yu and Yeoh, Karin and Holzapfel, Maria and Hauger, Barbara and Harbich, Daniela and Schmid, Bianca and Di Giaimo, Rossella and Turck, Christoph W. and Schmidt, Mathias V. and Deussing, Jan M. and Eder, Matthias and Dine, Julien and Theis, Fabian J. and Chen, Alon},
    number = {14},
    month = {7},
    pages = {2283--2298},
    volume = {110},
    publisher = {Neuron},
    url = {https://pubmed.ncbi.nlm.nih.gov/35649415/},
    doi = {10.1016/J.NEURON.2022.05.001},
    issn = {1097-4199},
    pmid = {35649415},
    keywords = {Alon Chen, Animals, Antidepressive Agents / pharmacology, Hippocampus, Juan Pablo Lopez, KCNQ2 Potassium Channel / genetics, Ketamine* / pharmacology, Ketamine* / therapeutic use, MEDLINE, Malte D L{\"{u}}cken, Mice, NCBI, NIH, NLM, National Center for Biotechnology Information, National Institutes of Health, National Library of Medicine, Nerve Tissue Proteins, Neurons, Non-U.S. Gov't, PubMed Abstract, Research Support, doi:10.1016/j.neuron.2022.05.001, pmid:35649415}
}

@article{Weinreb2023Keypoint-MoSeq:Dynamics,
    title = {{Keypoint-MoSeq: parsing behavior by linking point tracking to pose dynamics}},
    year = {2023},
    journal = {arXiv},
    author = {Weinreb, Caleb and Abdal, Mohammed and Osman, Monium and Zhang, Libby and Lin, Sherry and Pearl, Jonah and Annapragada, Sidharth and Conlin, Eli and Gillis, Winthrop F and Jay, Maya and Ye, Shaokai and Mathis, Alexander and Mathis, Mackenzie Weygandt and Pereira, Talmo and Linderman, Scott W and Datta, Sandeep Robert},
    url = {https://doi.org/10.1101/2023.03.16.532307},
    doi = {10.1101/2023.03.16.532307}
}

@article{Schneider2023LearnableAnalysis,
    title = {{Learnable latent embeddings for joint behavioural and neural analysis}},
    year = {2023},
    journal = {Nature 2023 617:7960},
    author = {Schneider, Steffen and Lee, Jin Hwa and Mathis, Mackenzie Weygandt},
    number = {7960},
    month = {5},
    pages = {360--368},
    volume = {617},
    publisher = {Nature Publishing Group},
    url = {https://www.nature.com/articles/s41586-023-06031-6},
    doi = {10.1038/s41586-023-06031-6},
    issn = {1476-4687},
    arxivId = {2204.00673},
    keywords = {Machine learning, Neural decoding}
}

@article{Cho2014LearningTranslation,
    title = {{Learning Phrase Representations using RNN Encoder-Decoder for Statistical Machine Translation}},
    year = {2014},
    journal = {EMNLP 2014 - 2014 Conference on Empirical Methods in Natural Language Processing, Proceedings of the Conference},
    author = {Cho, Kyunghyun and Van Merri{\"{e}}nboer, Bart and Gulcehre, Caglar and Bahdanau, Dzmitry and Bougares, Fethi and Schwenk, Holger and Bengio, Yoshua},
    month = {6},
    pages = {1724--1734},
    publisher = {Association for Computational Linguistics (ACL)},
    url = {https://arxiv.org/abs/1406.1078v3},
    isbn = {9781937284961},
    doi = {10.3115/v1/d14-1179},
    arxivId = {1406.1078}
}

@article{Rumelhart1986LearningErrors,
    title = {{Learning representations by back-propagating errors}},
    year = {1986},
    journal = {Nature 1986 323:6088},
    author = {Rumelhart, David E. and Hinton, Geoffrey E. and Williams, Ronald J.},
    number = {6088},
    pages = {533--536},
    volume = {323},
    publisher = {Nature Publishing Group},
    url = {https://www.nature.com/articles/323533a0},
    doi = {10.1038/323533a0},
    issn = {1476-4687},
    keywords = {Humanities and Social Sciences, Science, multidisciplinary}
}

@article{MnihLearningEstimation,
    title = {{Learning word embeddings efficiently with noise-contrastive estimation}},
    author = {Mnih, Andriy and Kavukcuoglu, Koray}
}

@article{Hochreiter1997LongMemory,
    title = {{Long Short-Term Memory}},
    year = {1997},
    journal = {Neural Computation},
    author = {Hochreiter, Sepp and Schmidhuber, Jürgen},
    number = {8},
    month = {11},
    pages = {1735--1780},
    volume = {9},
    publisher = {MIT Press},
    url = {https://direct.mit.edu/neco/article/9/8/1735/6109/Long-Short-Term-Memory},
    doi = {10.1162/NECO.1997.9.8.1735},
    issn = {0899-7667},
    pmid = {9377276}
}

@article{Fornaro2009MedicinePrejudices,
    title = {{Medicine and psychiatry in Western culture: Ancient Greek myths and modern prejudices}},
    year = {2009},
    journal = {Annals of General Psychiatry},
    author = {Fornaro, Michele and Clementi, Nicoletta and Fornaro, Pantaleo},
    number = {1},
    month = {10},
    pages = {21},
    volume = {8},
    publisher = {BioMed Central},
    url = {https://annals-general-psychiatry.biomedcentral.com/articles/10.1186/1744-859X-8-21},
    doi = {10.1186/1744-859X-8-21/METRICS},
    issn = {1744859X},
    keywords = {Forensic Psychiatry, Geriatric Psychiatry, Psychiatry, Psychopharmacology, Psychotherapy}
}

@article{Itakura1975MinimumRecognition,
    title = {{Minimum Prediction Residual Principle Applied to Speech Recognition}},
    year = {1975},
    journal = {IEEE Transactions on Acoustics, Speech, and Signal Processing},
    author = {Itakura, Fumitada},
    number = {1},
    pages = {67--72},
    volume = {23},
    doi = {10.1109/TASSP.1975.1162641},
    issn = {00963518}
}

@article{Lauer2022Multi-animalDeepLabCut,
    title = {{Multi-animal pose estimation, identification and tracking with DeepLabCut}},
    year = {2022},
    journal = {Nature Methods 2022 19:4},
    author = {Lauer, Jessy and Zhou, Mu and Ye, Shaokai and Menegas, William and Schneider, Steffen and Nath, Tanmay and Rahman, Mohammed Mostafizur and Di Santo, Valentina and Soberanes, Daniel and Feng, Guoping and Murthy, Venkatesh N. and Lauder, George and Dulac, Catherine and Mathis, Mackenzie Weygandt and Mathis, Alexander},
    number = {4},
    month = {4},
    pages = {496--504},
    volume = {19},
    publisher = {Nature Publishing Group},
    url = {https://www.nature.com/articles/s41592-022-01443-0},
    doi = {10.1038/s41592-022-01443-0},
    issn = {1548-7105},
    pmid = {35414125},
    keywords = {Behavioural methods, Computational neuroscience, Machine learning, Zoology}
}

@article{Li2021MultiscalePrediction,
    title = {{Multiscale Spatio-Temporal Graph Neural Networks for 3D Skeleton-Based Motion Prediction}},
    year = {2021},
    journal = {IEEE Transactions on Image Processing},
    author = {Li, Maosen and Chen, Siheng and Zhao, Yangheng and Zhang, Ya and Wang, Yanfeng and Tian, Qi},
    month = {8},
    pages = {7760--7775},
    volume = {30},
    publisher = {Institute of Electrical and Electronics Engineers Inc.},
    url = {https://arxiv.org/abs/2108.11244v1},
    doi = {10.1109/tip.2021.3108708},
    issn = {19410042},
    pmid = {34506281},
    arxivId = {2108.11244},
    keywords = {Multiscale spatio-temporal graphs, graph convolution, graph-based attention gate recurrent unit, multiscale spatio-temporal graph computational unit}
}

@article{VanDenOord2017NeuralLearning,
    title = {{Neural Discrete Representation Learning}},
    year = {2017},
    journal = {Advances in Neural Information Processing Systems},
    author = {Van Den Oord, Aaron and Vinyals, Oriol and Kavukcuoglu, Koray},
    month = {11},
    pages = {6307--6316},
    volume = {2017-December},
    publisher = {Neural information processing systems foundation},
    url = {https://arxiv.org/abs/1711.00937v2},
    issn = {10495258},
    arxivId = {1711.00937}
}

@article{Davis2017NeurobiologyStudies,
    title = {{Neurobiology of Chronic Stress-Related Psychiatric Disorders: Evidence from Molecular Imaging Studies}},
    year = {2017},
    journal = {http://dx.doi.org/10.1177/2470547017710916},
    author = {Davis, Margaret T. and Holmes, Sophie E. and Pietrzak, Robert H. and Esterlis, Irina},
    month = {6},
    volume = {1},
    publisher = {SAGE PublicationsSage CA: Los Angeles, CA},
    url = {https://journals.sagepub.com/doi/10.1177/2470547017710916},
    doi = {10.1177/2470547017710916},
    issn = {24705470},
    pmid = {29862379},
    keywords = {bipolar disorder, depression, positron emission tomography, posttraumatic stress disorder, single photon emission computed tomography}
}

@article{Cuevas2019NeurotransmittersCycle,
    title = {{Neurotransmitters and Their Life Cycle}},
    year = {2019},
    journal = {Reference Module in Biomedical Sciences},
    author = {Cuevas, Javier},
    month = {1},
    publisher = {Elsevier},
    doi = {10.1016/B978-0-12-801238-3.11318-2}
}

@article{Burkhardt2016NikoArchives,
    title = {{Niko Tinbergen: A Message in the Archives}},
    year = {2016},
    journal = {Journal of the history of biology},
    author = {Burkhardt, Richard W.},
    number = {4},
    month = {12},
    pages = {685--703},
    volume = {49},
    publisher = {J Hist Biol},
    url = {https://pubmed.ncbi.nlm.nih.gov/27435870/},
    doi = {10.1007/S10739-016-9450-Y},
    issn = {1573-0387},
    pmid = {27435870},
    keywords = {20th Century, Animal*, Animals, Archives, Behavior, Correspondence as Topic / history*, Ethology / history*, Historical Article, History, MEDLINE, NCBI, NIH, NLM, National Center for Biotechnology Information, National Institutes of Health, National Library of Medicine, PubMed Abstract, Richard W Burkhardt, doi:10.1007/s10739-016-9450-y, pmid:27435870}
}

@article{deGroot2020NinscopeInvestigations,
    title = {{Ninscope, a versatile miniscope for multi-region circuit investigations}},
    year = {2020},
    journal = {eLife},
    author = {de Groot, Andres and van den Boom, Bastijn J.G. and van Genderen, Romano M. and Coppens, Joris and van Veldhuijzen, John and Bos, Joop and Hoedemaker, Hugo and Negrello, Mario and Willuhn, Ingo and De Zeeuw, Chris I. and Hoogland, Tycho M.},
    month = {1},
    volume = {9},
    publisher = {eLife Sciences Publications Ltd},
    doi = {10.7554/ELIFE.49987},
    issn = {2050084X},
    pmid = {31934857}
}

@article{Sorge2014OlfactoryRodents,
    title = {{Olfactory exposure to males, including men, causes stress and related analgesia in rodents}},
    year = {2014},
    journal = {Nature Methods 2014 11:6},
    author = {Sorge, Robert E and Martin, Loren J and Isbester, Kelsey A and Sotocinal, Susana G and Rosen, Sarah and Tuttle, Alexander H and Wieskopf, Jeffrey S and Acland, Erinn L and Dokova, Anastassia and Kadoura, Basil and Leger, Philip and Mapplebeck, Josiane C S and McPhail, Martina and Delaney, Ada and Wigerblad, Gustaf and Schumann, Alan P and Quinn, Tammie and Frasnelli, Johannes and Svensson, Camilla I and Sternberg, Wendy F and Mogil, Jeffrey S},
    number = {6},
    month = {4},
    pages = {629--632},
    volume = {11},
    publisher = {Nature Publishing Group},
    url = {https://www.nature.com/articles/nmeth.2935},
    doi = {10.1038/nmeth.2935},
    issn = {1548-7105},
    keywords = {Mouse, Neurological models, Rat}
}

@article{Bommasani2021OnModels,
    title = {{On the Opportunities and Risks of Foundation Models}},
    year = {2021},
    journal = {arxiv},
    author = {Bommasani, Rishi and Hudson, Drew A. and Adeli, Ehsan and Altman, Russ and Arora, Simran and von Arx, Sydney and Bernstein, Michael S. and Bohg, Jeannette and Bosselut, Antoine and Brunskill, Emma and Brynjolfsson, Erik and Buch, Shyamal and Card, Dallas and Castellon, Rodrigo and Chatterji, Niladri and Chen, Annie and Creel, Kathleen and Davis, Jared Quincy and Demszky, Dora and Donahue, Chris and Doumbouya, Moussa and Durmus, Esin and Ermon, Stefano and Etchemendy, John and Ethayarajh, Kawin and Fei-Fei, Li and Finn, Chelsea and Gale, Trevor and Gillespie, Lauren and Goel, Karan and Goodman, Noah and Grossman, Shelby and Guha, Neel and Hashimoto, Tatsunori and Henderson, Peter and Hewitt, John and Ho, Daniel E. and Hong, Jenny and Hsu, Kyle and Huang, Jing and Icard, Thomas and Jain, Saahil and Jurafsky, Dan and Kalluri, Pratyusha and Karamcheti, Siddharth and Keeling, Geoff and Khani, Fereshte and Khattab, Omar and Koh, Pang Wei and Krass, Mark and Krishna, Ranjay and Kuditipudi, Rohith and Kumar, Ananya and Ladhak, Faisal and Lee, Mina and Lee, Tony and Leskovec, Jure and Levent, Isabelle and Li, Xiang Lisa and Li, Xuechen and Ma, Tengyu and Malik, Ali and Manning, Christopher D. and Mirchandani, Suvir and Mitchell, Eric and Munyikwa, Zanele and Nair, Suraj and Narayan, Avanika and Narayanan, Deepak and Newman, Ben and Nie, Allen and Niebles, Juan Carlos and Nilforoshan, Hamed and Nyarko, Julian and Ogut, Giray and Orr, Laurel and Papadimitriou, Isabel and Park, Joon Sung and Piech, Chris and Portelance, Eva and Potts, Christopher and Raghunathan, Aditi and Reich, Rob and Ren, Hongyu and Rong, Frieda and Roohani, Yusuf and Ruiz, Camilo and Ryan, Jack and R{\'{e}}, Christopher and Sadigh, Dorsa and Sagawa, Shiori and Santhanam, Keshav and Shih, Andy and Srinivasan, Krishnan and Tamkin, Alex and Taori, Rohan and Thomas, Armin W. and Tram{\`{e}}r, Florian and Wang, Rose E. and Wang, William and Wu, Bohan and Wu, Jiajun and Wu, Yuhuai and Xie, Sang Michael and Yasunaga, Michihiro and You, Jiaxuan and Zaharia, Matei and Zhang, Michael and Zhang, Tianyi and Zhang, Xikun and Zhang, Yuhui and Zheng, Lucia and Zhou, Kaitlyn and Liang, Percy},
    month = {8},
    url = {https://arxiv.org/abs/2108.07258v3},
    arxivId = {2108.07258}
}

@book{CharlesDarwin1859OnSpecies,
    title = {{On the origin of species}},
    year = {1859},
    author = {{Charles Darwin}},
    publisher = {John Murray}
}

@article{Bosch2018OxytocinDisruption,
    title = {{Oxytocin and Social Relationships: From Attachment to Bond Disruption}},
    year = {2018},
    journal = {Current topics in behavioral neurosciences},
    author = {Bosch, Oliver J. and Young, Larry J.},
    pages = {97--117},
    volume = {35},
    publisher = {Curr Top Behav Neurosci},
    url = {https://pubmed.ncbi.nlm.nih.gov/28812266/},
    doi = {10.1007/7854{\_}2017{\_}10},
    issn = {1866-3370},
    pmid = {28812266},
    keywords = {Animals, Arvicolinae / physiology*, Brain / physiology, Extramural, Female, Larry J Young, MEDLINE, Male, N.I.H., NCBI, NIH, NLM, National Center for Biotechnology Information, National Institutes of Health, National Library of Medicine, Non-U.S. Gov't, Object Attachment*, Oliver J Bosch, Oxytocin / physiology*, PMC5815947, Pair Bond*, PubMed Abstract, Receptors, Research Support, Review, Social Behavior, doi:10.1007/7854{\_}2017{\_}10, pmid:28812266}
}

@book{ChristopherMBishop2006PatternLearning,
    title = {{Pattern Recognition and Machine Learning}},
    year = {2006},
    author = {{Christopher M Bishop}},
    publisher = {Springer}
}

@article{Tuia2022PerspectivesConservation,
    title = {{Perspectives in machine learning for wildlife conservation}},
    year = {2022},
    journal = {Nature Communications 2022 13:1},
    author = {Tuia, Devis and Kellenberger, Benjamin and Beery, Sara and Costelloe, Blair R. and Zuffi, Silvia and Risse, Benjamin and Mathis, Alexander and Mathis, Mackenzie W. and van Langevelde, Frank and Burghardt, Tilo and Kays, Roland and Klinck, Holger and Wikelski, Martin and Couzin, Iain D. and van Horn, Grant and Crofoot, Margaret C. and Stewart, Charles V. and Berger-Wolf, Tanya},
    number = {1},
    month = {2},
    pages = {1--15},
    volume = {13},
    publisher = {Nature Publishing Group},
    url = {https://www.nature.com/articles/s41467-022-27980-y},
    isbn = {4146702227980},
    doi = {10.1038/s41467-022-27980-y},
    issn = {2041-1723},
    pmid = {35140206},
    keywords = {Computer science, Conservation biology}
}

@article{Tuia2022PerspectivesConservationb,
    title = {{Perspectives in machine learning for wildlife conservation}},
    year = {2022},
    journal = {Nature Communications 2022 13:1},
    author = {Tuia, Devis and Kellenberger, Benjamin and Beery, Sara and Costelloe, Blair R. and Zuffi, Silvia and Risse, Benjamin and Mathis, Alexander and Mathis, Mackenzie W. and van Langevelde, Frank and Burghardt, Tilo and Kays, Roland and Klinck, Holger and Wikelski, Martin and Couzin, Iain D. and van Horn, Grant and Crofoot, Margaret C. and Stewart, Charles V. and Berger-Wolf, Tanya},
    number = {1},
    month = {2},
    pages = {1--15},
    volume = {13},
    publisher = {Nature Publishing Group},
    url = {https://www.nature.com/articles/s41467-022-27980-y},
    doi = {10.1038/s41467-022-27980-y},
    issn = {2041-1723},
    pmid = {35140206},
    keywords = {Computer science, Conservation biology}
}

@article{Chu2022PhysiologyReaction,
    title = {{Physiology, Stress Reaction}},
    year = {2022},
    journal = {StatPearls},
    author = {Chu, Brianna and Marwaha, Komal and Sanvictores, Terrence and Ayers, Derek},
    month = {9},
    publisher = {StatPearls Publishing},
    url = {https://www.ncbi.nlm.nih.gov/books/NBK541120/},
    pmid = {31082164}
}

@article{Schreiber2017Pomegranate:Python,
    title = {{Pomegranate: fast and flexible probabilistic modeling in python}},
    year = {2017},
    journal = {Journal of Machine Learning Research},
    author = {Schreiber, Jacob and Allen, Paul G},
    month = {10},
    pages = {1--6},
    volume = {18},
    publisher = {Microtome Publishing},
    url = {https://arxiv.org/abs/1711.00137v2},
    issn = {15337928},
    arxivId = {1711.00137},
    keywords = {Big data, Cython, Machine learning, Probabilistic modeling, Python}
}

@article{Luo2020PrinciplesNeurobiology,
    title = {{Principles of Neurobiology}},
    year = {2020},
    journal = {CRC Press},
    author = {Luo, Liqun},
    month = {9}
}

@book{Murphy2023ProbabilisticTopics,
    title = {{Probabilistic Machine Learning: advanced topics}},
    year = {2023},
    author = {Murphy, Kevin},
    publisher = {MIT press},
    url = {https://mitpress.mit.edu/search-result-list/}
}

@book{Murphy2022ProbabilisticIntroduction,
    title = {{Probabilistic Machine Learning: an introduction}},
    year = {2022},
    author = {Murphy, Kevin P.},
    publisher = {MIT Press},
    url = {https://lccn.loc.gov/2021027430},
    institution = {MIT Press},
    isbn = {2021027430}
}

@book{Pick2015Psychoanalysis:Introduction,
    title = {{Psychoanalysis: A Very Short Introduction}},
    year = {2015},
    author = {Pick, Daniel},
    publisher = {OUP Oxford}
}

@article{Rothschild2022Psychopharmacology:Basics,
    title = {{Psychopharmacology: Back to Basics}},
    year = {2022},
    journal = {Journal of clinical psychopharmacology},
    author = {Rothschild, Anthony J.},
    number = {1},
    pages = {1--2},
    volume = {42},
    publisher = {J Clin Psychopharmacol},
    url = {https://pubmed.ncbi.nlm.nih.gov/34928555/},
    doi = {10.1097/JCP.0000000000001518},
    issn = {1533-712X},
    pmid = {34928555},
    keywords = {Anthony J Rothschild, Clinical Competence*, Editorial, Humans, MEDLINE, NCBI, NIH, NLM, National Center for Biotechnology Information, National Institutes of Health, National Library of Medicine, Psychopharmacology* / education, Psychopharmacology* / standards, Psychotropic Drugs / therapeutic use*, PubMed Abstract, doi:10.1097/JCP.0000000000001518, pmid:34928555}
}

@article{Datta2015QA:Behavior,
    title = {{Q{\&}A: Understanding the composition of behavior}},
    year = {2015},
    journal = {BMC biology},
    author = {Datta, Sandeep Robert},
    url = {https://doi.org/10.1186/s12915-019-0663-3},
    doi = {10.1186/s12915-019-0663-3}
}

@article{Binder2020QuantifyingReality,
    title = {{Quantifying Human Avoidance Behavior in Immersive Virtual Reality}},
    year = {2020},
    journal = {Frontiers in Behavioral Neuroscience},
    author = {Binder, Florian P. and Spoormaker, Victor I.},
    month = {9},
    pages = {163},
    volume = {14},
    publisher = {Frontiers Media S.A.},
    doi = {10.3389/FNBEH.2020.569899/BIBTEX},
    issn = {16625153},
    keywords = {BAT, anxiety, avoidance, fear conditioning, forced-choice, reinforcement, search task, virtual reality}
}

@misc{QuantitativeScitable,
    title = {{Quantitative Trait Locus (QTL) Analysis | Learn Science at Scitable}},
    url = {https://www.nature.com/scitable/topicpage/quantitative-trait-locus-qtl-analysis-53904/}
}

@article{deChaumont2019Real-timeLearning,
    title = {{Real-time analysis of the behaviour of groups of mice via a depth-sensing camera and machine learning}},
    year = {2019},
    journal = {Nature biomedical engineering},
    author = {de Chaumont, Fabrice and Ey, Elodie and Torquet, Nicolas and Lagache, Thibault and Dallongeville, Stéphane and Imbert, Albane and Legou, Thierry and Le Sourd, Anne Marie and Faure, Philippe and Bourgeron, Thomas and Olivo-Marin, Jean Christophe},
    number = {11},
    month = {11},
    pages = {930--942},
    volume = {3},
    publisher = {Nat Biomed Eng},
    url = {https://pubmed.ncbi.nlm.nih.gov/31110290/},
    doi = {10.1038/S41551-019-0396-1},
    issn = {2157-846X},
    pmid = {31110290},
    keywords = {Animal, Animal*, Animals, Autistic Disorder / genetics*, Autistic Disorder / psychology*, Behavior, Behavioral Research, Disease Models, Elodie Ey, Fabrice de Chaumont, Female, Jean-Christophe Olivo-Marin, Knockout / genetics, Knockout / psychology, MEDLINE, Machine Learning*, Male, Mice, Mice / genetics, Mice / psychology, Microfilament Proteins, Mutation, NCBI, NIH, NLM, National Center for Biotechnology Information, National Institutes of Health, National Library of Medicine, Nerve Tissue Proteins / genetics*, Non-U.S. Gov't, Phenotype, PubMed Abstract, Research Support, Social Behavior, Video Recording, doi:10.1038/s41551-019-0396-1, pmid:31110290}
}

@article{Soderlund2018RelevanceNeuropsychiatry,
    title = {{Relevance of Rodent Models of Depression in Clinical Practice: Can We Overcome the Obstacles in Translational Neuropsychiatry?}},
    year = {2018},
    journal = {International Journal of Neuropsychopharmacology},
    author = {S{\"{o}}derlund, Johan and Lindskog, Maria},
    number = {7},
    month = {7},
    pages = {668--676},
    volume = {21},
    publisher = {Oxford Academic},
    url = {https://academic.oup.com/ijnp/article/21/7/668/4982723},
    doi = {10.1093/IJNP/PYY037},
    issn = {1461-1457},
    pmid = {29688411},
    keywords = {RDoC, Resilience, Stress, Vulnerability}
}

@article{vandenOordDeepMind2019RepresentationCoding,
    title = {{Representation Learning with Contrastive Predictive Coding}},
    year = {2019},
    journal = {arxiv},
    author = {van den Oord DeepMind, Aaron and Li DeepMind, Yazhe and Vinyals DeepMind, Oriol},
    arxivId = {1807.03748v2}
}

@article{Wiltschko2020RevealingSequencing,
    title = {{Revealing the structure of pharmacobehavioral space through motion sequencing}},
    year = {2020},
    journal = {Nature Neuroscience},
    author = {Wiltschko, Alexander B and Tsukahara, Tatsuya and Zeine, Ayman and Anyoha, Rockwell and Gillis, Winthrop F and Markowitz, Jeffrey E and Peterson, Ralph E and Katon, Jesse and Johnson, Matthew J and Datta, Sandeep Robert},
    url = {https://doi.org/10.1038/s41593-020-00706-3},
    doi = {10.1038/s41593-020-00706-3}
}

@article{Xia2021RevisitingStudy,
    title = {{Revisiting Dimensionality Reduction Techniques for Visual Cluster Analysis: An Empirical Study}},
    year = {2021},
    journal = {arXiv},
    author = {Xia, Jiazhi and Zhang, Yuchen and Song, Jie and Chen, Yang and Wang, Yunhai and Liu, Shixia},
    url = {https://github.com/DR-approach/DR-approaches.},
    arxivId = {2110.02894v1},
    keywords = {Index Terms-Dimensionality reduction, perception-based evaluation, visual cluster analysis}
}

@article{Baker2020RodentPromises,
    title = {{Rodent models for psychiatric disorders: problems and promises}},
    year = {2020},
    journal = {Laboratory Animal Research 2020 36:1},
    author = {Baker, Matthew and Hong, Sa-Ik and Kang, Seungwoo and Choi, Doo-Sup},
    number = {1},
    month = {4},
    pages = {1--10},
    volume = {36},
    publisher = {BioMed Central},
    url = {https://labanimres.biomedcentral.com/articles/10.1186/s42826-020-00039-z},
    isbn = {4282602000039},
    doi = {10.1186/S42826-020-00039-Z},
    issn = {2233-7660},
    keywords = {Genetics, Life Sciences, Psychiatric disorders, Rodent models, general}
}

@article{Wolf2018SCANPY:Analysis,
    title = {{SCANPY: Large-scale single-cell gene expression data analysis}},
    year = {2018},
    journal = {Genome Biology},
    author = {Wolf, F. Alexander and Angerer, Philipp and Theis, Fabian J.},
    number = {1},
    month = {2},
    pages = {1--5},
    volume = {19},
    publisher = {BioMed Central Ltd.},
    url = {https://genomebiology.biomedcentral.com/articles/10.1186/s13059-017-1382-0},
    doi = {10.1186/S13059-017-1382-0/FIGURES/1},
    issn = {1474760X},
    pmid = {29409532},
    keywords = {Bioinformatics, Clustering, Differential expression testing, Graph analysis, Machine learning, Pseudotemporal ordering, Scalability, Single-cell transcriptomics, Trajectory inference, Visualization}
}

@article{Grnbech2020ScVAE:Data,
    title = {{scVAE: variational auto-encoders for single-cell gene expression data}},
    year = {2020},
    journal = {Bioinformatics},
    author = {Gr{\o}nbech, Christopher Heje and Vording, Maximillian Fornitz and Timshel, Pascal N. and S{\o}nderby, Casper Kaae and Pers, Tune H. and Winther, Ole},
    number = {16},
    month = {8},
    pages = {4415--4422},
    volume = {36},
    publisher = {Oxford Academic},
    url = {https://academic.oup.com/bioinformatics/article/36/16/4415/5838187},
    doi = {10.1093/BIOINFORMATICS/BTAA293},
    issn = {1367-4803},
    pmid = {32415966}
}

@article{Burns2018Seglearn:Series,
    title = {{Seglearn: A Python Package for Learning Sequences and Time Series}},
    year = {2018},
    journal = {Journal of Machine Learning Research},
    author = {Burns, David M. and Whyne, Cari M.},
    month = {3},
    volume = {19},
    publisher = {Microtome Publishing},
    url = {https://arxiv.org/abs/1803.08118v3},
    issn = {15337928},
    arxivId = {1803.08118},
    keywords = {Machine-Learning, Python, Sequences, Time-Series}
}

@article{Ro2020SimpleAnimals,
    title = {{Simple Behavioral Analysis (SimBA) – an open source toolkit for computer classification of complex social behaviors in experimental animals}},
    year = {2020},
    journal = {bioRxiv},
    author = {Ro, Simon and †1, Nilsson and Goodwin, Nastacia L and Choong, Jia Jie and Hwang, Sophia and Wright, Hayden R and Norville, Zane C and Tong, Xiaoyu and Lin, Dayu and Bentzley, Brandon S and Eshel, Neir and Mclaughlin, Ryan J and Golden, Sam A},
    url = {https://doi.org/10.1101/2020.04.19.049452},
    doi = {10.1101/2020.04.19.049452}
}

@article{Lopez2021Single-cellAdaptation,
    title = {{Single-cell molecular profiling of all three components of the HPA axis reveals adrenal ABCB1 as a regulator of stress adaptation}},
    year = {2021},
    journal = {Science Advances},
    author = {Lopez, Juan Pablo and Brivio, Elena and Santambrogio, Alice and De Donno, Carlo and Kos, Aron and Peters, Miriam and Rost, Nicolas and Czamara, Darina and Br{\"{u}}ckl, Tanja M. and Roeh, Simone and P{\"{o}}hlmann, Max L. and Engelhardt, Clara and Ressle, Andrea and Stoffel, Rainer and Tontsch, Alina and Villamizar, Javier M. and Reincke, Martin and Riester, Anna and Sbiera, Silviu and Fassnacht, Martin and Mayberg, Helen S. and Craighead, W. Edward and Dunlop, Boadie W. and Nemeroff, Charles B. and Schmidt, Mathias V. and Binder, Elisabeth B. and Theis, Fabian J. and Beuschlein, Felix and Andoniadou, Cynthia L. and Chen, Alon},
    number = {5},
    month = {1},
    pages = {4497--4524},
    volume = {7},
    publisher = {American Association for the Advancement of Science},
    url = {https://www.science.org/doi/10.1126/sciadv.abe4497},
    doi = {10.1126/SCIADV.ABE4497/SUPPL{\_}FILE/ABE4497{\_}SM.PDF},
    issn = {23752548},
    pmid = {33571131}
}

@article{Pereira2022SLEAP:Tracking,
    title = {{SLEAP: A deep learning system for multi-animal pose tracking}},
    year = {2022},
    journal = {Nature Methods 2022 19:4},
    author = {Pereira, Talmo D. and Tabris, Nathaniel and Matsliah, Arie and Turner, David M. and Li, Junyu and Ravindranath, Shruthi and Papadoyannis, Eleni S. and Normand, Edna and Deutsch, David S. and Wang, Z. Yan and McKenzie-Smith, Grace C. and Mitelut, Catalin C. and Castro, Marielisa Diez and D’Uva, John and Kislin, Mikhail and Sanes, Dan H. and Kocher, Sarah D. and Wang, Samuel S.H. and Falkner, Annegret L. and Shaevitz, Joshua W. and Murthy, Mala},
    number = {4},
    month = {4},
    pages = {486--495},
    volume = {19},
    publisher = {Nature Publishing Group},
    url = {https://www.nature.com/articles/s41592-022-01426-1},
    doi = {10.1038/s41592-022-01426-1},
    issn = {1548-7105},
    pmid = {35379947},
    keywords = {Computational neuroscience, Machine learning, Software}
}

@article{Iniguez2014SocialMice,
    title = {{Social defeat stress induces a depression-like phenotype in adolescent male c57BL/6 mice}},
    year = {2014},
    journal = {Stress (Amsterdam, Netherlands)},
    author = {I{\~{n}}iguez, Sergio D. and Riggs, Lace M. and Nieto, Steven J. and Dayrit, Genesis and Zamora, Norma N. and Shawhan, Kristi L. and Cruz, Bryan and Warren, Brandon L.},
    number = {3},
    pages = {247--255},
    volume = {17},
    publisher = {Stress},
    url = {https://pubmed.ncbi.nlm.nih.gov/24689732/},
    doi = {10.3109/10253890.2014.910650},
    issn = {1607-8888},
    pmid = {24689732},
    keywords = {Aging, Animals, Anxiety / etiology, Brandon L Warren, Corticosterone / blood, Depression / etiology, Depressive Disorder / etiology*, Dietary Carbohydrates / administration {\&} dosage, Dominance-Subordination*, Extramural, Food Preferences, Inbred C57BL, Interpersonal Relations, Lace M Riggs, MEDLINE, Male, Mice, N.I.H., NCBI, NIH, NLM, National Center for Biotechnology Information, National Institutes of Health, National Library of Medicine, Non-U.S. Gov't, PMC5534169, Phenotype, PubMed Abstract, Research Support, Sergio D I{\~{n}}iguez, Sucrose / administration {\&} dosage, Swimming, doi:10.3109/10253890.2014.910650, pmid:24689732}
}

@article{Kudryavtseva1991SocialStrain,
    title = {{Social model of depression in mice of C57BL/6J strain}},
    year = {1991},
    journal = {Pharmacology, biochemistry, and behavior},
    author = {Kudryavtseva, N. N. and Bakshtanovskaya, I. V. and Koryakina, L. A.},
    number = {2},
    pages = {315--320},
    volume = {38},
    publisher = {Pharmacol Biochem Behav},
    url = {https://pubmed.ncbi.nlm.nih.gov/2057501/},
    doi = {10.1016/0091-3057(91)90284-9},
    issn = {0091-3057},
    pmid = {2057501},
    keywords = {Aggression, Animal, Animals, Depression / pathology, Depression / psychology*, Disease Models, Exploratory Behavior / drug effects, Gastric Mucosa / pathology, Gastrointestinal Hemorrhage / pathology, I V Bakshtanovskaya, Imipramine / pharmacology, Inbred C57BL, L A Koryakina, MEDLINE, Mice, N N Kudryavtseva, NCBI, NIH, NLM, National Center for Biotechnology Information, National Institutes of Health, National Library of Medicine, PubMed Abstract, Reaction Time / drug effects, Social Behavior*, Social Dominance, doi:10.1016/0091-3057(91)90284-9, pmid:2057501}
}

@article{Kudryavtseva1991SocialStrainb,
    title = {{Social model of depression in mice of C57BL/6J strain}},
    year = {1991},
    journal = {Pharmacology, biochemistry, and behavior},
    author = {Kudryavtseva, N. N. and Bakshtanovskaya, I. V. and Koryakina, L. A.},
    number = {2},
    pages = {315--320},
    volume = {38},
    publisher = {Pharmacol Biochem Behav},
    url = {https://pubmed.ncbi.nlm.nih.gov/2057501/},
    doi = {10.1016/0091-3057(91)90284-9},
    issn = {0091-3057},
    pmid = {2057501},
    keywords = {Aggression, Animal, Animals, Depression / pathology, Depression / psychology*, Disease Models, Exploratory Behavior / drug effects, Gastric Mucosa / pathology, Gastrointestinal Hemorrhage / pathology, I V Bakshtanovskaya, Imipramine / pharmacology, Inbred C57BL, L A Koryakina, MEDLINE, Mice, N N Kudryavtseva, NCBI, NIH, NLM, National Center for Biotechnology Information, National Institutes of Health, National Library of Medicine, PubMed Abstract, Reaction Time / drug effects, Social Behavior*, Social Dominance, doi:10.1016/0091-3057(91)90284-9, pmid:2057501}
}

@article{Fortuin2018SOM-VAE:Series,
    title = {{SOM-VAE: Interpretable Discrete Representation Learning on Time Series}},
    year = {2018},
    journal = {7th International Conference on Learning Representations, ICLR 2019},
    author = {Fortuin, Vincent and H{\"{u}}ser, Matthias and Locatello, Francesco and Strathmann, Heiko and R{\"{a}}tsch, Gunnar},
    month = {6},
    publisher = {International Conference on Learning Representations, ICLR},
    url = {https://arxiv.org/abs/1806.02199v7},
    arxivId = {1806.02199}
}

@article{Sahili2023Spatio-TemporalSurvey,
    title = {{Spatio-Temporal Graph Neural Networks: A Survey}},
    year = {2023},
    journal = {arxiv},
    author = {Sahili, Zahraa Al and Awad, Mariette},
    month = {1},
    url = {https://arxiv.org/abs/2301.10569v2},
    arxivId = {2301.10569},
    keywords = {and Phrases: graph neural networks, spatiotemporal graphs, temporal, time series}
}

@article{Vintsyuk1968SpeechProgramming,
    title = {{Speech discrimination by dynamic programming}},
    year = {1968},
    journal = {Cybernetics},
    author = {Vintsyuk, T. K.},
    number = {1},
    month = {1},
    pages = {52--57},
    volume = {4},
    publisher = {Kluwer Academic Publishers-Plenum Publishers},
    url = {https://link.springer.com/article/10.1007/BF01074755},
    doi = {10.1007/BF01074755/METRICS},
    issn = {15738337},
    keywords = {Artificial Intelligence, Control, Processor Architectures, Software Engineering/Programming and Operating Systems, Systems Theory}
}

@article{Palla2022Squidpy:Analysis,
    title = {{Squidpy: a scalable framework for spatial omics analysis}},
    year = {2022},
    journal = {Nature methods},
    author = {Palla, Giovanni and Spitzer, Hannah and Klein, Michal and Fischer, David and Schaar, Anna Christina and Kuemmerle, Louis Benedikt and Rybakov, Sergei and Ibarra, Ignacio L. and Holmberg, Olle and Virshup, Isaac and Lotfollahi, Mohammad and Richter, Sabrina and Theis, Fabian J.},
    number = {2},
    month = {2},
    pages = {171--178},
    volume = {19},
    publisher = {Nat Methods},
    url = {https://pubmed.ncbi.nlm.nih.gov/35102346/},
    doi = {10.1038/S41592-021-01358-2},
    issn = {1548-7105},
    pmid = {35102346},
    keywords = {Animals, Computational Biology / methods*, Computer-Assisted, Data Visualization, Databases, Fabian J Theis, Factual, Gene Expression Profiling / methods*, Giovanni Palla, Hannah Spitzer, Humans, Image Processing, MEDLINE, Mice, NCBI, NIH, NLM, National Center for Biotechnology Information, National Institutes of Health, National Library of Medicine, Non-U.S. Gov't, PMC8828470, Programming Languages, Proteomics / methods*, PubMed Abstract, Research Support, Software*, Workflow, doi:10.1038/s41592-021-01358-2, pmid:35102346}
}

@article{OConnor2020StressRisk,
    title = {{Stress, cortisol and suicide risk}},
    year = {2020},
    journal = {International review of neurobiology},
    author = {O'Connor, Daryl B. and Gartland, Nicola and O'Connor, Rory C.},
    month = {1},
    pages = {101--130},
    volume = {152},
    publisher = {Int Rev Neurobiol},
    url = {https://pubmed.ncbi.nlm.nih.gov/32450993/},
    isbn = {9780128211168},
    doi = {10.1016/BS.IRN.2019.11.006},
    issn = {2162-5514},
    pmid = {32450993},
    keywords = {Adult, Animals, Child, Daryl B O'Connor, Dexamethasone / pharmacology, Disease Susceptibility, Humans, Hydrocortisone / metabolism*, MEDLINE, NCBI, NIH, NLM, National Center for Biotechnology Information, National Institutes of Health, National Library of Medicine, Nicola Gartland, Psychological / physiopathology, Psychological / psychology*, PubMed Abstract, Review, Risk Assessment, Rory C O'Connor, Stress, Suicidal Ideation*, Suicide / statistics {\&} numerical data*, Wounds and Injuries / psychology, doi:10.1016/bs.irn.2019.11.006, pmid:32450993}
}

@article{Ye2022SuperAnimalBehavior,
    title = {{SuperAnimal models pretrained for plug-and-play analysis of animal behavior}},
    year = {2022},
    journal = {arXiv},
    author = {Ye, Shaokai and Filippova, Anastasiia and Lauer, Jessy and Vidal, Maxime and Schneider, Steffen and Qiu, Tian and Mathis, Alexander and Mackenzie, & and Mathis, Weygandt},
    month = {3},
    url = {https://arxiv.org/abs/2203.07436v2},
    arxivId = {2203.07436}
}

@article{Miranda2021SystematicSubtyping,
    title = {{Systematic Review of Functional MRI Applications for Psychiatric Disease Subtyping}},
    year = {2021},
    journal = {Frontiers in Psychiatry},
    author = {Miranda, Lucas and Paul, Riya and P{\"{u}}tz, Benno and Koutsouleris, Nikolaos and M{\"{u}}ller-Myhsok, Bertram},
    month = {10},
    pages = {1712},
    volume = {12},
    publisher = {Frontiers Media S.A.},
    doi = {10.3389/FPSYT.2021.665536/BIBTEX},
    issn = {16640640},
    keywords = {biotypes, clustering, disease subtyping, functional MRI (fMRI), machine learning, personalized medicine, translational psychiatry, unsupervised learning}
}

@article{DoerschTAPIR:Refinement,
    title = {{TAPIR: Tracking Any Point with per-frame Initialization and temporal Refinement}},
    author = {Doersch, Carl and Yang, Yi and Vecerik, Mel and Gokay, Dilara and Gupta, Ankush and Aytar, Yusuf and Carreira, Joao and Zisserman, Andrew and Deepmind, Google},
    url = {https://www.github.com/},
    arxivId = {2306.08637v1}
}

@article{Weidinger2022TaxonomyModels,
    title = {{Taxonomy of Risks posed by Language Models; Taxonomy of Risks posed by Language Models}},
    year = {2022},
    journal = {FAccT},
    author = {Weidinger, Laura and Uesato, Jonathan and Rauh, Maribeth and Griffin, Conor and Mellor, John and Glaese, Amelia and Cheng, Myra and Balle, Borja and Kasirzadeh, Atoosa and Biles, Courtney and Brown DeepMind Zac Kenton DeepMind, Sasha UK and Hawkins, Will and Stepleton, Tom and Birhane, Abeba and Anne Hendricks, Lisa and Rimell, Laura and Isaac, William and Haas, Julia and Legassick, Sean and Irving, Geoffrey and Gabriel, Iason and Huang, Po-Sen and Brown, Sasha and Kenton, Zac},
    volume = {22},
    publisher = {ACM},
    url = {https://doi.org/10.1145/3531146.3533088},
    isbn = {9781450393522},
    doi = {10.1145/3531146.3533088},
    keywords = {language models, responsible AI, responsible innovation, risk assessment, technology risks}
}

@article{Russo2013TheDisorders,
    title = {{The brain reward circuitry in mood disorders}},
    year = {2013},
    journal = {Nature reviews. Neuroscience},
    author = {Russo, Scott J. and Nestler, Eric J.},
    number = {9},
    month = {9},
    pages = {609--625},
    volume = {14},
    publisher = {Nat Rev Neurosci},
    url = {https://pubmed.ncbi.nlm.nih.gov/23942470/},
    doi = {10.1038/NRN3381},
    issn = {1471-0048},
    pmid = {23942470},
    keywords = {Animals, Brain / cytology*, Brain / physiology*, Eric J Nestler, Extramural, Humans, MEDLINE, Mood Disorders / pathology*, Mood Disorders / physiopathology*, N.I.H., NCBI, NIH, NLM, National Center for Biotechnology Information, National Institutes of Health, National Library of Medicine, Neural Pathways / cytology, Neural Pathways / physiology, PMC3867253, PubMed Abstract, Research Support, Review, Reward*, Scott J Russo, doi:10.1038/nrn3381, pmid:23942470}
}

@article{Bale2019TheDisorders,
    title = {{The critical importance of basic animal research for neuropsychiatric disorders}},
    year = {2019},
    journal = {Neuropsychopharmacology 2019 44:8},
    author = {Bale, Tracy L. and Abel, Ted and Akil, Huda and Carlezon, William A. and Moghaddam, Bita and Nestler, Eric J. and Ressler, Kerry J. and Thompson, Scott M.},
    number = {8},
    month = {5},
    pages = {1349--1353},
    volume = {44},
    publisher = {Nature Publishing Group},
    url = {https://www.nature.com/articles/s41386-019-0405-9},
    doi = {10.1038/s41386-019-0405-9},
    issn = {1740-634X},
    pmid = {31048727},
    keywords = {Drug development, Stress and resilience}
}

@article{Kendler2022The1650-1850,
    title = {{The Emergence of Psychiatry: 1650-1850}},
    year = {2022},
    journal = {The American journal of psychiatry},
    author = {Kendler, Kenneth S. and Tabb, Kathryn and Wright, John},
    number = {5},
    month = {5},
    pages = {329--335},
    volume = {179},
    publisher = {Am J Psychiatry},
    url = {https://pubmed.ncbi.nlm.nih.gov/35331024/},
    doi = {10.1176/APPI.AJP.21060614},
    issn = {1535-7228},
    pmid = {35331024},
    keywords = {18th Century, 19th Century, 20th Century, Historical Article, History, Hospitals, Humans, John Wright, Kathryn Tabb, Kenneth S Kendler, MEDLINE, Mental Disorders* / history, Mental Disorders* / therapy, Mentally Ill Persons*, NCBI, NIH, NLM, National Center for Biotechnology Information, National Institutes of Health, National Library of Medicine, Physicians*, Psychiatric, Psychiatry* / history, Psychotic Disorders*, PubMed Abstract, Review, doi:10.1176/appi.ajp.21060614, pmid:35331024}
}

@book{CharlesDarwin1872TheAnimals,
    title = {{The expression of emotions in man and animals}},
    year = {1872},
    author = {{Charles Darwin}},
    pages = {},
    publisher = {John Murray},
    keywords = {http://www.archive.org/details/expressionofemot1872darw}
}

@article{Gururajan2019TheResearch,
    title = {{The future of rodent models in depression research}},
    year = {2019},
    journal = {Nature Reviews Neuroscience 2019 20:11},
    author = {Gururajan, Anand and Reif, Andreas and Cryan, John F. and Slattery, David A.},
    number = {11},
    month = {10},
    pages = {686--701},
    volume = {20},
    publisher = {Nature Publishing Group},
    url = {https://www.nature.com/articles/s41583-019-0221-6},
    doi = {10.1038/s41583-019-0221-6},
    issn = {1471-0048},
    pmid = {31578460},
    keywords = {Animal disease models, Depression}
}

@article{Musazzi2016TheDisorders,
    title = {{The Many Faces of Stress: Implications for Neuropsychiatric Disorders}},
    year = {2016},
    journal = {Neural Plasticity},
    author = {Musazzi, Laura and Marrocco, Jordan},
    volume = {2016},
    publisher = {Hindawi},
    url = {https://www.hindawi.com/journals/np/2016/8389737/},
    doi = {10.1155/2016/8389737},
    issn = {2090-5904},
    pmid = {27066275}
}

@article{Segalin2021TheMice,
    title = {{The mouse action recognition system (MARS) software pipeline for automated analysis of social behaviors in mice}},
    year = {2021},
    journal = {eLife},
    author = {Segalin, Cristina and Williams, Jalani and Karigo, Tomomi and Hui, May and Zelikowsky, Moriel and Sun, Jennifer J. and Perona, Pietro and Anderson, David J. and Kennedy, Ann},
    month = {11},
    volume = {10},
    publisher = {eLife Sciences Publications Ltd},
    doi = {10.7554/ELIFE.63720},
    issn = {2050084X},
    pmid = {34846301}
}

@article{Caltech2021TheInteractions,
    title = {{The Multi-Agent Behavior Dataset: Mouse Dyadic Social Interactions}},
    year = {2021},
    journal = {arxiv},
    author = {Caltech, Jennifer J Sun and Karigo, Tomomi and Chakraborty, Dipam and Research, Aicrowd and Mohanty, Sharada P and Wild, Benjamin and Sun, Quan and Chen, Chen and Anderson, David J and Caltech, Pietro Perona and Yue, Yisong and Kennedy, Ann},
    month = {4},
    url = {https://arxiv.org/abs/2104.02710v4},
    arxivId = {2104.02710}
}

@article{Abiola2003TheView,
    title = {{The nature and identification of quantitative trait loci: a community’s view}},
    year = {2003},
    journal = {Nature reviews. Genetics},
    author = {Abiola, Oduola and Angel, Joe M. and Avner, Philip and Bachmanov, Alexander A. and Belknap, John K. and Bennett, Beth and Blankenhorn, Elizabeth P. and Blizard, David A. and Bolivar, Valerie and Brockmann, Gudrun A. and Buck, Kari J. and Bureau, Jean Francois and Casley, William L. and Chesler, Elissa J. and Cheverud, James M. and Churchill, Gary A. and Cook, Melloni and Crabbe, John C. and Crusio, Wim E. and Darvasi, Ariel and de Haan, Gerald and Demant, Peter and Doerge, R. W. and Elliott, Rosemary W. and Farber, Charles R. and Flaherty, Lorraine and Flint, Jonathan and Gershenfeld, Howard and Gibson, John P. and Gu, Jing and Gu, Weikuan and Himmelbauer, Heinz and Hitzemann, Robert and Hsu, Hui Chen and Hunter, Kent and Iraqi, Fuad A. and Jansen, Ritsert C. and Johnson, Thomas E. and Jones, Byron C. and Kempermann, Gerd and Lammert, Frank and Lu, Lu and Manly, Kenneth F. and Matthews, Douglas B. and Medrano, Juan F. and Mehrabian, Margarete and Mittleman, Guy and Mock, Beverly A. and Mogil, Jeffrey S. and Montagutelli, Xavier and Morahan, Grant and Mountz, John D. and Nagase, Hiroki and Nowakowski, Richard S. and O'Hara, Bruce F. and Osadchuk, Alexander V. and Paigen, Beverly and Palmer, Abraham A. and Peirce, Jeremy L. and Pomp, Daniel and Rosemann, Michael and Rosen, Glenn D. and Schalkwyk, Leonard C. and Seltzer, Ze'ev and Settle, Stephen and Shimomura, Kazuhiro and Shou, Siming and Sikela, James M. and Siracusa, Linda D. and Spearow, Jimmy L. and Teuscher, Cory and Threadgill, David W. and Toth, Linda A. and Toye, Ayo A. and Vadasz, Csaba and Van Zant, Gary and Wakeland, Edward and Williams, Robert W. and Zhang, Huang Ge and Zou, Fei},
    number = {11},
    month = {11},
    pages = {911},
    volume = {4},
    publisher = {NIH Public Access},
    url = {/pmc/articles/PMC2063446/ /pmc/articles/PMC2063446/?report=abstract https://www.ncbi.nlm.nih.gov/pmc/articles/PMC2063446/},
    doi = {10.1038/NRG1206},
    issn = {14710056},
    pmid = {14634638}
}

@article{Rosenblatt1958TheBrain.,
    title = {{The perceptron: a probabilistic model for information storage and organization in the brain.}},
    year = {1958},
    journal = {Psychological review},
    author = {Rosenblatt, F.},
    number = {6},
    month = {11},
    pages = {386--408},
    volume = {65},
    doi = {10.1037/H0042519},
    issn = {0033295X},
    pmid = {13602029},
    keywords = {PERCEPTION, AS INFORMATION STORAGE MODEL INFORMATION, STORAGE, MODEL FOR, IN BRAIN BRAIN, INFORMATION STORAGE IN, MODEL FOR LEARNING {\&} MEMORY}
}

@article{Roberts2021TheTheory,
    title = {{The Principles of Deep Learning Theory}},
    year = {2021},
    journal = {The Principles of Deep Learning Theory},
    author = {Roberts, Daniel A. and Yaida, Sho and Hanin, Boris},
    month = {6},
    publisher = {Cambridge University Press},
    url = {http://arxiv.org/abs/2106.10165 http://dx.doi.org/10.1017/9781009023405},
    doi = {10.1017/9781009023405},
    arxivId = {2106.10165v2}
}

@article{Wang2017TheDepression,
    title = {{The recent progress in animal models of depression}},
    year = {2017},
    journal = {Progress in neuro-psychopharmacology {\&} biological psychiatry},
    author = {Wang, Qingzhong and Timberlake, Matthew A. and Prall, Kevin and Dwivedi, Yogesh},
    month = {7},
    pages = {99--109},
    volume = {77},
    publisher = {Prog Neuropsychopharmacol Biol Psychiatry},
    url = {https://pubmed.ncbi.nlm.nih.gov/28396255/},
    doi = {10.1016/J.PNPBP.2017.04.008},
    issn = {1878-4216},
    pmid = {28396255},
    keywords = {Animal, Animal*, Animals, Behavior, Depressive Disorder, Disease Models, Extramural, MEDLINE, Major / psychology*, Matthew A Timberlake, N.I.H., NCBI, NIH, NLM, National Center for Biotechnology Information, National Institutes of Health, National Library of Medicine, Non-U.S. Gov't, PMC5605906, PubMed Abstract, Qingzhong Wang, Research Support, Review, Yogesh Dwivedi, doi:10.1016/j.pnpbp.2017.04.008, pmid:28396255}
}

@article{Borroto-Escuela2021TheProspects,
    title = {{The Role of Central Serotonin Neurons and 5-HT Heteroreceptor Complexes in the Pathophysiology of Depression: A Historical Perspective and Future Prospects}},
    year = {2021},
    journal = {International journal of molecular sciences},
    author = {Borroto-Escuela, Dasiel O. and Ambrogini, Patrizia and Chru{\'{s}}cicka, Barbara and Lindskog, Maria and Crespo-Ramirez, Minerva and Hern{\'{a}}ndez-Mondrag{\'{o}}n, Juan C. and de la Mora, Miguel Perez and Schellekens, Harriët and Fuxe, Kjell},
    number = {4},
    month = {2},
    pages = {1--13},
    volume = {22},
    publisher = {Int J Mol Sci},
    url = {https://pubmed.ncbi.nlm.nih.gov/33672070/},
    doi = {10.3390/IJMS22041927},
    issn = {1422-0067},
    pmid = {33672070},
    keywords = {5-HT1A / metabolism, 5-HT2A / metabolism, 5-HT2C / metabolism, Animals, Dasiel O Borroto-Escuela, Depression / metabolism*, Depressive Disorder, Fibroblast Growth Factor, Hippocampus / metabolism*, Humans, Kjell Fuxe, MEDLINE, Major / metabolism*, NCBI, NIH, NLM, National Center for Biotechnology Information, National Institutes of Health, National Library of Medicine, Neurons / metabolism*, Oxytocin / metabolism, PMC7919680, Patrizia Ambrogini, PubMed Abstract, Receptor, Receptors, Review, Serotonin, Serotonin / metabolism*, Signal Transduction*, Type 1 / metabolism, doi:10.3390/ijms22041927, pmid:33672070}
}

@article{Sanacora2021TheDisorders,
    title = {{The stressed synapse 2.0: pathophysiological mechanisms in stress-related neuropsychiatric disorders}},
    year = {2021},
    journal = {Nature Reviews Neuroscience 2021 23:2},
    author = {Sanacora, Gerard and Yan, Zhen and Popoli, Maurizio},
    number = {2},
    month = {12},
    pages = {86--103},
    volume = {23},
    publisher = {Nature Publishing Group},
    url = {https://www.nature.com/articles/s41583-021-00540-x},
    isbn = {0123456789},
    doi = {10.1038/s41583-021-00540-x},
    issn = {1471-0048},
    pmid = {34893785},
    keywords = {Stress and resilience, Synaptic plasticity}
}

@article{Deldari2021TimeCoding,
    title = {{Time series change point detection with self-supervised contrastive predictive coding}},
    year = {2021},
    journal = {The Web Conference 2021 - Proceedings of the World Wide Web Conference, WWW 2021},
    author = {Deldari, Shohreh and Smith, Daniel V. and Xue, Hao and Salim, Flora D.},
    month = {4},
    pages = {3124--3135},
    publisher = {Association for Computing Machinery, Inc},
    url = {https://dl.acm.org/doi/10.1145/3442381.3449903},
    isbn = {9781450383127},
    doi = {10.1145/3442381.3449903},
    arxivId = {2011.14097},
    keywords = {Anomaly detection, Contrastive learning, Time series change point detection, Unsupervised learning}
}

@article{Christ2018TimePackage,
    title = {{Time Series FeatuRe Extraction on basis of Scalable Hypothesis tests (tsfresh – A Python package)}},
    year = {2018},
    journal = {Neurocomputing},
    author = {Christ, Maximilian and Braun, Nils and Neuffer, Julius and Kempa-Liehr, Andreas W.},
    month = {9},
    pages = {72--77},
    volume = {307},
    publisher = {Elsevier},
    doi = {10.1016/J.NEUCOM.2018.03.067},
    issn = {0925-2312},
    keywords = {Feature engineering, Feature extraction, Feature selection, Machine learning, Time series}
}

@article{Goodwin2022TowardNeuroscience,
    title = {{Toward the explainability, transparency, and universality of machine learning for behavioral classification in neuroscience}},
    year = {2022},
    journal = {Current opinion in neurobiology},
    author = {Goodwin, Nastacia L. and Nilsson, Simon R.O. and Choong, Jia Jie and Golden, Sam A.},
    month = {4},
    volume = {73},
    publisher = {Curr Opin Neurobiol},
    url = {https://pubmed.ncbi.nlm.nih.gov/35487088/},
    doi = {10.1016/J.CONB.2022.102544},
    issn = {1873-6882},
    pmid = {35487088},
    keywords = {Ethology*, Extramural, Humans, MEDLINE, Machine Learning*, N.I.H., NCBI, NIH, NLM, Nastacia L Goodwin, National Center for Biotechnology Information, National Institutes of Health, National Library of Medicine, Non-U.S. Gov't, PMC9464364, PubMed Abstract, Research Support, Review, Sam A Golden, Simon R O Nilsson, doi:10.1016/j.conb.2022.102544, pmid:35487088}
}

@article{Petelin2023TowardsPrediction,
    title = {{Towards understanding the importance of time-series features in automated algorithm performance prediction}},
    year = {2023},
    journal = {Expert Systems with Applications},
    author = {Petelin, Gašper and Cenikj, Gjorgjina and Eftimov, Tome},
    month = {3},
    pages = {119023},
    volume = {213},
    publisher = {Pergamon},
    doi = {10.1016/J.ESWA.2022.119023},
    issn = {0957-4174},
    keywords = {Landscape analysis, Time-series analysis, Time-series forecasting algorithm performance prediction}
}

@article{Shao2022TracingTrends,
    title = {{Tracing the evolution of AI in the past decade and forecasting the emerging trends}},
    year = {2022},
    journal = {Expert Systems with Applications},
    author = {Shao, Zhou and Zhao, Ruoyan and Yuan, Sha and Ding, Ming and Wang, Yongli},
    month = {12},
    pages = {118221},
    volume = {209},
    publisher = {Pergamon},
    doi = {10.1016/J.ESWA.2022.118221},
    issn = {0957-4174},
    keywords = {Artificial Intelligence, Data analytics, Frontier research, Future trend, Science of Science}
}

@article{WangTrackingOnce,
    title = {{Tracking Everything Everywhere All at Once}},
    author = {Wang, Qianqian and Chang, Yen-Yu and Cai, Ruojin and Li, Zhengqi and Hariharan, Bharath and Holynski, Aleksander and Snavely, Noah},
    arxivId = {2306.05422v1}
}

@article{Vilar2019TranslationalRDoC,
    title = {{Translational research in psychiatry: The Research Domain Criteria Project (RDoC)}},
    year = {2019},
    journal = {Revista de psiquiatria y salud mental},
    author = {Vilar, Ana and P{\'{e}}rez-Sola, Víctor and Blasco, María Jesús and P{\'{e}}rez-Gallo, Elena and Ballester Coma, Laura and Batlle Vila, Santiago and Alonso, Jordi and Serrano-Blanco, Antoni and Forero, Carlos G.},
    number = {3},
    month = {7},
    pages = {187--195},
    volume = {12},
    publisher = {Rev Psiquiatr Salud Ment (Engl Ed)},
    url = {https://pubmed.ncbi.nlm.nih.gov/29941228/},
    doi = {10.1016/J.RPSM.2018.04.002},
    issn = {2173-5050},
    pmid = {29941228},
    keywords = {Ana Vilar, Biomedical / methods*, Biomedical / standards, Carlos G Forero, Humans, MEDLINE, Mental Disorders* / diagnosis, Mental Disorders* / physiopathology, Mental Disorders* / psychology, Mental Disorders* / therapy, NCBI, NIH, NLM, National Center for Biotechnology Information, National Institutes of Health, National Library of Medicine, Neurosciences / methods, Neurosciences / standards, Psychiatry / methods*, Psychiatry / standards, PubMed Abstract, Research Design / standards*, Review, Translational Research, V{\'{i}}ctor P{\'{e}}rez-Sola, doi:10.1016/j.rpsm.2018.04.002, pmid:29941228}
}

@article{McInnes2018UMAP:Reduction,
    title = {{UMAP: Uniform Manifold Approximation and Projection for Dimension Reduction}},
    year = {2018},
    journal = {arXiv},
    author = {McInnes, Leland and Healy, John and Melville, James},
    month = {2},
    url = {https://arxiv.org/abs/1802.03426v3},
    arxivId = {1802.03426}
}

@article{Jiang2016VariationalClustering,
    title = {{Variational Deep Embedding: An Unsupervised and Generative Approach to Clustering}},
    year = {2016},
    journal = {IJCAI International Joint Conference on Artificial Intelligence},
    author = {Jiang, Zhuxi and Zheng, Yin and Tan, Huachun and Tang, Bangsheng and Zhou, Hanning},
    month = {11},
    pages = {1965--1972},
    volume = {0},
    publisher = {International Joint Conferences on Artificial Intelligence},
    url = {https://arxiv.org/abs/1611.05148v3},
    isbn = {9780999241103},
    doi = {10.24963/ijcai.2017/273},
    issn = {10450823},
    arxivId = {1611.05148}
}

@article{Ceballos2020VertebratesExtinction,
    title = {{Vertebrates on the brink as indicators of biological annihilation and the sixth mass extinction}},
    year = {2020},
    journal = {Proceedings of the National Academy of Sciences of the United States of America},
    author = {Ceballos, Gerardo and Ehrlich, Paul R. and Raven, Peter H.},
    number = {24},
    month = {6},
    pages = {13596--13602},
    volume = {117},
    publisher = {National Academy of Sciences},
    url = {/pmc/articles/PMC7306750/ /pmc/articles/PMC7306750/?report=abstract https://www.ncbi.nlm.nih.gov/pmc/articles/PMC7306750/},
    doi = {10.1073/PNAS.1922686117/-/DCSUPPLEMENTAL},
    issn = {10916490},
    pmid = {32482862},
    keywords = {Conservation, Ecosystem services, Endangered species, Population extinctions, Sixth mass extinction}
}

@article{Oord2016WaveNet:Audio,
    title = {{WaveNet: A Generative Model for Raw Audio}},
    year = {2016},
    journal = {arXiv},
    author = {Oord, Aaron van den and Dieleman, Sander and Zen, Heiga and Simonyan, Karen and Vinyals, Oriol and Graves, Alex and Kalchbrenner, Nal and Senior, Andrew and Kavukcuoglu, Koray},
    month = {9},
    url = {https://arxiv.org/abs/1609.03499v2},
    arxivId = {1609.03499}
}

@article{Musazzi2018WhatDisorders,
    title = {{What acute stress protocols can tell us about PTSD and stress-related neuropsychiatric disorders}},
    year = {2018},
    journal = {Frontiers in Pharmacology},
    author = {Musazzi, Laura and Tornese, Paolo and Sala, Nathalie and Popoli, Maurizio},
    number = {JUN},
    month = {7},
    pages = {758},
    volume = {9},
    publisher = {Frontiers Media S.A.},
    doi = {10.3389/FPHAR.2018.00758/BIBTEX},
    issn = {16639812},
    pmid = {30050444},
    keywords = {Animal models of mental disorders, Glutamic acid, Ketamine, Post-traumatic, Resilience, Stress disorders, Synaptic morphology, Vulnerability}
}