@article{Miranda2021,
  doi = {10.3389/fpsyt.2021.665536},
  url = {https://doi.org/10.3389/fpsyt.2021.665536},
  year = {2021},
  month = oct,
  publisher = {Frontiers Media {SA}},
  volume = {12},
  author = {Lucas Miranda and Riya Paul and Benno P\"{u}tz and Nikolaos Koutsouleris and Bertram M\"{u}ller-Myhsok},
  title = {Systematic Review of Functional {MRI} Applications for Psychiatric Disease Subtyping},
  journal = {Frontiers in Psychiatry}
}
@article{Miranda2023,
  doi = {10.1080/10253890.2023.2186141},
  url = {https://doi.org/10.1080/10253890.2023.2186141},
  year = {2023},
  month = jan,
  publisher = {Informa {UK} Limited},
  volume = {26},
  number = {1},
  author = {Lucas Miranda and Joeri Bordes and Serena Gasperoni and Juan Pablo Lopez},
  title = {Increasing resolution in stress neurobiology: from single cells to complex group behaviors},
  journal = {Stress}
}
@article{Bordes2023,
    title = {{Advancing social behavioral neuroscience by integrating ethology and comparative psychology methods through machine learning}},
    year = {2023},
    journal = {Neuroscience {\&} Biobehavioral Reviews},
    author = {Bordes, Joeri and Miranda, Lucas and M{\"{u}}ller-Myhsok, Bertram and Schmidt, Mathias V.},
    month = {8},
    pages = {105243},
    volume = {151},
    publisher = {Pergamon},
    doi = {10.1016/J.NEUBIOREV.2023.105243},
    issn = {0149-7634},
    keywords = {Comparative psychology, Ethology, Psychiatric disorders, Social behavior, Stress}
}
@article{DeepOF:JOSS,
    title = {{DeepOF: a Python package for supervised and unsupervised pattern recognition in mice motion tracking data}},
    year = {2023},
    journal = {Journal of Open Source Software},
    author = {Miranda, Lucas and Bordes, Joeri and P{\"{u}}tz, Benno and Schmidt, Mathias V. and M{\"{u}}ller-Myhsok, Bertram},
    number = {86},
    month = {6},
    pages = {5394},
    volume = {8},
    url = {https://joss.theoj.org/papers/10.21105/joss.05394},
    doi = {10.21105/JOSS.05394},
    issn = {2475-9066}
}
@article{DeepOF:NCOMMS,
    doi = {10.1038/s41467-023-40040-3},
    url = {https://doi.org/10.1038/s41467-023-40040-3},
    year = {2023},
    month = jul,
    publisher = {Springer Science and Business Media {LLC}},
    volume = {14},
    number = {1},
    author = {Joeri Bordes and Lucas Miranda and Maya Reinhardt and Sowmya Narayan and Jakob Hartmann and Emily L. Newman and Lea Maria Brix and Lotte van Doeselaar and Clara Engelhardt and Larissa Dillmann and Shiladitya Mitra and Kerry J. Ressler and Benno P\"{u}tz and Felix Agakov and Bertram M\"{u}ller-Myhsok and Mathias V. Schmidt},
    title = {Automatically annotated motion tracking identifies a distinct social behavioral profile following chronic social defeat stress},
    journal = {Nature Communications}
}